2658 3197
985 134 1597 184 -—--18---
2058 128 2101 178 W

183 278 252 339 (v.
282 274 459 337 Heyn.)
489 273 643 322 iisdem
675 274 727 318 de
760 271 901 320 causis
929 272 1039 317 duos
1066 288 1221 319 versus
1243 271 1331 319 254
1359 283 1402 317 et
1430 273 1519 318 255
1546 274 1720 331 spurios
1747 289 1839 319 esse
1856 273 2135 332 existimant.
2192 275 2266 321 De
2292 276 2386 325 edi-

181 346 348 404 toribus
377 343 546 405 primus
590 343 656 388 W
657 343 783 387 olfius
814 356 966 387 versus
1006 342 1109 390 254
1151 342 1251 389 255
1295 341 1383 388 256
1422 338 1546 386 uncis
1573 340 1778 396 inclusit,
1821 358 1873 388 ac
1900 352 2014 391 reete
2031 337 2388 408 ῆᾷοΙὼιοΙιὶω

181 416 367 460 duarum
396 412 697 457 recensionum
727 410 910 468 vestigia
941 410 1162 467 agnoscit,
1205 424 1389 469 quarum
1417 406 1466 451 in
1497 408 1631 452 altera
1665 424 1740 456 w.
1769 412 2053 467 250-253,
2066 406 2122 455 in
2147 411 2291 465 altera
2313 428 2387 459 vv.

180 482 285 539 254.
314 483 419 528 255.
447 481 535 526 256
562 479 742 525 fuerint.
802 479 1005 524 Ceterum
1033 481 1085 522 de
1114 480 1228 535 ἧσαι
1255 488 1401 523 errant
1428 478 1684 538 interpretes
1711 490 1906 537 veteres,
1947 496 2031 540 quo
2071 481 2240 527 verbo-2
2247 481 2390 541 aegri-

178 552 284 599 tudo
312 550 449 598 animi
478 547 750 608 depingitur,
781 558 828 591 ut
858 546 975 592 11.1.
1007 547 1086 592 134
1117 548 1263 603 ἧσθαι
1292 546 1566 603 δευόμενον.

390 620 492 667 253.
557 615 702 663 SchoL
748 615 820 661 A.
865 617 1172 662 διασταλτέον
1214 616 1263 661 δὲ
1301 616 1425 662 κατὰ
1454 614 1507 661 τὸ
1539 616 1669 662 τέλος
1697 620 1784 661 τοῦ
1824 621 1988 673 στίχου
2021 620 2180 677 (252),
2214 619 2267 666 τὸ
2297 620 2391 676 γὰρ

183 693 534 748 ἐπιφερόμενον
561 692 797 739 τοιοῦτον,
828 687 1029 740 πότερον
1059 686 1136 739 εὑ,
1187 686 1216 740 ἤ
1245 691 1415 731 κακῶς
1457 686 1531 729 διὸ
1566 687 1650 729 καί
1680 680 2393 748 nepzffndra1.Leg'endum

186 760 323 818 igitur
354 761 430 813 ἦε,
461 773 548 821 non
579 757 692 813 quod
723 756 857 811 vulgo
888 754 1028 798 editur
1058 753 1451 810 715'.Couf.ann.
1482 762 1543 801 11.
1571 757 1689 801 232..

388 827 491 872 262.
555 823 704 870 Schol.
748 825 792 868 A
834 826 960 867 αἰδῶ
998 824 1220 881 vulgatam
1263 823 1515 880 lectionem,
1570 824 1751 871 eandem
1785 824 2031 871 Aristarchi
2073 836 2114 870 et
2158 825 2394 886 Pamphili,

182 898 306 946 αἰδῶ
336 896 660 956 Dionysiorum
691 905 733 936 et
763 893 935 937 Sidonii
965 903 1006 936 et
1040 892 1227 936 Thracis
1256 892 1414 946 fuisse,
1443 902 1638 943 testatur.
1697 892 1941 949 Knightius
1965 909 2071 937 vero
2099 895 2238 938 αἰδοῖ
2272 894 2392 942 hiatu

184 967 377 1012 offensus
422 974 538 1008 recte
581 960 815 1021 conjecisse
845 959 1026 1005 videtur.
1089 959 1204 1004 Vide
1233 959 1283 1004 ss.
1312 964 1440 1005 XIII.
1470 961 1573 1008 568.
1632 959 1740 1005 Hes.
1770 961 1860 1020 Op.
1889 963 1989 1008 731.
2048 959 2227 1009 Frustra
2259 962 2394 1019 enim,

184 1050 282 1082 mea
329 1033 505 1091 quidem
546 1030 757 1075 sententia
775 1061 789 1085 ,
844 1028 1110 1074 Gerhardius
1149 1029 1197 1072 in
1231 1028 1352 1073 Lect.
1391 1028 1537 1089 Apoll.
1578 1047 1621 1090 p.
1662 1031 1746 1075 157
1775 1046 1870 1088 seq.
1892 1028 2058 1075 hiatum
2074 1029 2316 1080 ,molestum
2345 1031 2394 1077 iu

184 1101 329 1161 quarti
358 1100 481 1161 pedis
510 1102 597 1144 fine
627 1099 737 1143 tueri
764 1098 915 1144 studet.
982 1098 1097 1143 Nam
1127 1115 1240 1156 quae
1266 1098 1427 1143 similia
1457 1100 1658 1158 exempla
1687 1100 1955 1154 afferuntur,
2007 1098 2054 1142 in
2083 1098 2185 1147 aliis
2213 1100 2394 1150 Aeolica

186 1171 264 1217 illa
294 1170 420 1220 litera
448 1168 613 1215 tollitur
644 1168 806 1224 hiatus,
850 1167 971 1213 velut
1000 1165 1051 1214 11.
1084 1174 1121 1215 Ι.
1157 1166 1251 1213 145.
1293 1173 1352 1214 ΙΙ.
1383 1167 1483 1213 269.
1530 1172 1607 1212 IV.
1639 1166 1738 1213 164.
1778 1174 1854 1216 VI.
1886 1168 1958 1213 96.
1986 1173 2106 1215 XIV.
2137 1169 2236 1212 501.
2271 1174 2393 1214 XVI.

186 1241 289 1289 w.
331 1239 417 1289 Oi.
445 1243 591 1284 XVII.
618 1236 723 1282 254.
786 1235 837 1280 In
879 1235 980 1280 aliis
1022 1234 1370 1294 interpunctione
1398 1245 1472 1279 aut
1501 1249 1656 1279 vocum
1686 1235 2017 1295 transpositione
2047 1236 2188 1283 hiatus
2213 1252 2397 1281 excusa-

186 1319 282 1363 mr,
335 1307 456 1351 velut
497 1305 549 1349 n.
592 1312 646 1350 v.
683 1306 784 1348 215.
847 1310 972 1349 vm.
1016 1306 1114 1350 120.
1172 1308 1268 1348 xv.
1298 1305 1370 1351 23,
1423 1308 1546 1349 xx1.
1580 1307 1678 1349 ιιι.
1732 1304 1819 1351 od.
1864 1310 1966 1349 xn.
1995 1304 2068 1348 75.
2097 1309 2264 1349 xxu.
2291 1304 2394 1348 386.

186 1375 330 1421 Porro
361 1384 407 1418 ut
437 1373 470 1430 ἤ
498 1373 544 1417 in
572 1373 682 1416 thesi
712 1387 837 1432 saepe
868 1372 1152 1432 producatur,
1202 1370 1381 1432 propria
1410 1371 1542 1418 huius
1570 1371 1807 1433 particulae
1836 1373 1882 1420 vi
1911 1372 2143 1425 efficitur:>
2171 1369 2224 1419 11.
2256 1379 2295 1421 Ι.
2323 1373 2396 1418 27.

189 1447 290 1492 151.
335 1451 397 1495 11.
426 1445 527 1487 231.
577 1449 658 1488 111.
685 1442 756 1486 24.
797 1447 853 1488 V.
896 1441 997 1487 484.
1040 1447 1135 1488 XV.
1171 1442 1269 1486 161.
1298 1442 1400 1488 271.
1454 1441 1542 1488 Od.
1574 1449 1610 1487 1.
1636 1443 1739 1487 2&-
1788 1446 1844 1489 II.
1874 1444 1975 1489 317.
2015 1447 2095 1488 ΧΙ.
2127 1443 2226 1488 120.
2273 1447 2396 1489 XIV.

186 1515 288 1561 330.
317 1518 453 1566 XVI.
478 1512 594 1567 356,
638 1510 796 1568 quibus
835 1511 944 1556 loeis
982 1528 1071 1556 non
1102 1510 1149 1555 in
1179 1511 1324 1568 quarti
1366 1511 1497 1555 modo
1534 1512 1655 1571 pedis
1694 1512 1826 1561 thesi-
1848 1511 1881 1567 ἤ
1920 1521 2018 1559 ante
2059 1512 2273 1569 vocalems
2294 1527 2398 1572 pno-

185 1582 287 1630 duci
317 1579 571 1628 ostenditur.
631 1577 722 1636 Qui
763 1589 925 1626 restant
967 1579 1097 1639 pauci
1123 1579 1236 1634 loci,
1287 1589 1363 1627 aut
1397 1596 1456 1627 ex
1483 1579 1611 1626 tibris
1641 1590 1715 1625 aut
1754 1581 2002 1641 conjectura
2044 1581 2289 1638 corrigendi
2310 1580 2398 1637 ..qi-

190 1652 363 1719 dentur.
425 1648 478 1693 n.
512 1654 565 1694 V.
590 1649 678 1694 899
704 1648 823 1694 enim
850 1664 874 1690 e
915 1648 1011 1693 cod.
1039 1647 1222 1695 Townl.
1256 1649 1489 1706 ἀνώγειν,
1532 1655 1701 1696 XXIII.
1731 1649 1813 1696 441
1847 1650 1994 1704 ὅρκου
2023 1649 2061 1706 γ’
2094 1665 2117 1692 e
2145 1651 2240 1695 cod.
2271 1649 2398 1696 Vrat.

187 1723 215 1764 b
244 1720 485 1765 restituam.
548 1717 601 1761 ll.
632 1723 723 1761 XI.
746 1717 833 1762 554
863 1728 905 1761 et
932 1720 1076 1763 XVII.
1108 1717 1210 1763 663.
1248 1716 1454 1778 Heynius
1483 1720 1617 1772 τρέει
1635 1719 1865 1774 legendum
1893 1719 2015 1763 vidit.
2068 1717 2140 1763 De
2170 1718 2397 1777 Odysseae

186 1787 295 1834 locis
324 1787 501 1832 videant
531 1785 621 1829 alii.

391 1854 494 1902 269.
554 1852 779 1912 Bentlejns
809 1853 981 1909 ἀχρεῖα
1013 1853 1151 1910 μδών
1183 1853 1416 1910 legendum
1458 1863 1614 1898 censet.
1674 1853 1790 1897 Vide
1824 1851 1873 1896 ΙΙ.
1904 1859 1943 1897 Ι.
1965 1852 2064 1897 148.
2097 1859 2157 1898 11.
2185 1853 2286 1898 245.
2315 1860 2395 1901 IV.

182 1904 285 1971 349.
313 1924 400 1969 411
431 1923 618 1977 ὑπόδρα
649 1923 790 1975 ἰδων,
833 1921 886 1966 ΙΙ.
916 1926 1043 1968 XIII.
1079 1921 1176 1967 184.
1221 1926 1340 1966 XVI.
1370 1922 1470 1966 610.
1514 1927 1590 1966 XV
1599 1927 1654 1967 11.
1690 1922 1777 1966 305
1807 1920 1930 1965 ἄντα
1960 1922 2103 1975 ἰδών,
2155 1920 2211 1969 ΙΙ.
2252 1927 2328 1967 XV
2337 1928 2395 1968 11.

186 1993 288 2040 334.
335 1992 424 2035 Od.
457 1996 555 2035 XV.
585 1992 673 2034 532
701 1989 871 2034 ἐςάντα
901 1992 1030 2034 ἰδων.

395 2060 498 2102 278.
559 2057 703 2100 Schol.
742 2057 801 2103 A.
839 2073 908 2115 ap.
951 2057 1147 2102 Bekker.
1188 2056 1283 2098 ἀνὰ
1323 2057 1361 2115 ῤ’
1402 2056 1445 2108 ὁ]
1481 2056 1629 2101 οὕτως
1662 2057 1981 2112 Ἀρίσταρχος·
2018 2058 2140 2105 τινὲς
2168 2059 2219 2104 δὲ
2249 2062 2395 2115 χωρὶς

185 2134 273 2176 τοῦ
296 2127 510 2184 ἄρθρου,
552 2131 721 2170 κακῶς.
767 2124 933 2169 Eadem
964 2124 1233 2170 Scholiastae
1264 2124 1315 2168 L.
1347 2125 1635 2170 Villoisonius
1662 2135 1707 2170 et
1735 2124 2043 2173 Bachmannus
2069 2127 2281 2172 tribuunt.
2342 2128 2393 2173 ln

185 2187 368 2248 articulo
399 2213 505 2242 vero
536 2195 837 2241 adsentiuntur
863 2193 1122 2240 Aristarcho
1152 2210 1239 2239 non
1270 2193 1411 2239 mlum
1439 2191 1604 2238 Sabou.
1634 2193 1735 2238 AL.
1760 2194 1803 2238 h.
1834 2195 1864 2241 Ι.
1889 2195 1968 2242 sed
1989 2196 2122 2240 etiam
2155 2195 2303 2242 Schol.
2335 2199 2394 2243 A.

187 2268 240 2310 ad
269 2273 354 2310 III.
385 2265 501 2318 440,
550 2263 717 2306 codices
746 2278 897 2306 omnes
927 2272 1097 2321 praeter
1126 2262 1253 2305 Vrat.
1286 2278 1309 2305 a
1328 2291 1342 2317 ,
1384 2261 1430 2305 in
1459 2277 1544 2320 quo
1571 2262 1776 2308 articulus
1803 2263 1951 2318 abest,
2004 2279 2155 2311 omnes
2184 2264 2395 2311 editiones

187 2345 285 2379 aute
326 2334 544 2376 VVoffium
587 2342 628 2373 et
670 2331 912 2389 Heynium.
975 2329 1170 2387 Uterque
1199 2331 1317 2375 enim
1348 2330 1529 2374 articulo
1558 2330 1759 2376 infestior
1785 2346 1916 2389 quam
1944 2331 2226 2378 Aristarchus
2255 2334 2400 2392 (cons.

185 2417 288 2447 ann.
317 2407 376 2446 11.
412 2400 478 2458 1.)
509 2398 693 2444 articulo
724 2398 783 2442 ita
814 2398 877 2441 uti
909 2396 1151 2443 Homerum
1184 2410 1322 2453 negat.
1386 2396 1471 2443 Sed
1514 2400 1668 2443 falsam
1698 2416 1788 2444 esse
1819 2401 1932 2445 hanc
1960 2401 2209 2459 opinionem
2237 2417 2297 2449 ex
2327 2402 2396 2445 his

183 2469 292 2515 locis
334 2479 470 2529 patet:
525 2467 577 2514 11.
615 2472 672 2512 Χ.
713 2469 816 2512 231.
849 2466 938 2512 498
982 2466 1008 2512 ὁ
1037 2469 1236 2524 τλήμων
1263 2468 1502 2522 Ὀδυσεύς,
1554 2469 1640 2515 536
1677 2468 1702 2513 ὀ
1745 2469 1969 2525 κρατερός
1989 2471 2248 2525 Διομήδης.
2294 2473 2392 2516 ΧΧ.

184 2540 271 2583 32⁰
304 2539 330 2581 ὁ
357 2539 524 2579 κλυτὸς
551 2538 802 2591 Ἀχιλλεύς.
833 2540 997 2581 XXIII.
1021 2537 1108 2579 295
1136 2539 1288 2591 Αἴθην
1316 2539 1406 2594 τήν
1431 2538 1823 2595 Ἀγαμεμνονέην
1844 2538 1931 2584 τὸν
1953 2537 2036 2585 ἑόν
2058 2553 2107 2585 τε
2125 2537 2399 2595 Πόδαργον.

183 2607 237 2651 11.
270 2613 326 2650 Χ.
371 2606 459 2650 363
501 2621 557 2647 ex
596 2605 770 2663 optimis
809 2604 1095 2664 plurimisque
1132 2605 1260 2650 libris
1288 2607 1356 2661 ἠδ’
1389 2608 1415 2651 ὁ
1451 2610 1761 2662 πτολίπορθος
1786 2607 2041 2653 Ὀδυσσεὺς
2068 2604 2392 2653 rettinendum.

185 2674 344 2734 Quare
367 2690 423 2717 ne
453 2673 536 2716 hoc
565 2674 735 2729 quidem
763 2675 860 2718 loco
886 2675 941 2719 ad
970 2674 1185 2719 librorum
1217 2676 1309 2719 fere
1337 2676 1533 2724 omnium
1565 2675 1793 2723 lectionem
1820 2676 1975 2722 dubim
2001 2674 2157 2721 redire.

317 2790 319 2793 ,
389 2741 494 2787 299.
554 2738 697 2791 schol.
740 2741 785 2787 A
824 2743 901 2787 ἐπὶ
934 2744 1132 2799 χρόνον]
1179 2746 1442 2799 Ζηνόδοτος
1480 2746 1660 2802 γράφει
1705 2742 1794 2790 ἔτι
1831 2746 2095 2801 χρόνον,
2133 2743 2394 2789 ἀπιθάνως·

181 2814 392 2872 ἔμφασις
415 2811 511 2868 γὰρ
541 2813 719 2867 γίνεται
751 2816 929 2858 πολλοῦ
957 2814 1139 2868 χρόνου
1171 2814 1251 2855 διὰ
1277 2818 1365 2858 τοῦ
1395 2812 1460 2857 ἔτι
1489 2812 1591 2874 (ἐπι
1628 2829 1695 2873 ap.
1729 2812 1945 2866 villuia).
2003 2811 2136 2870 Quod
2164 2826 2394 2870 argmen-

179 2893 273 2933 tum
299 2881 463 2928 fabum
490 2896 583 2925 esse
611 2888 743 2939 patet.
799 2880 905 2925 Alio
940 2882 1077 2940 igitur
1117 2881 1247 2927 modo
1281 2880 1539 2943 Spitznerus
1570 2882 1796 2941 vulgatam
1819 2880 1983 2930 tubiro
2010 2889 2191 2930 conum
2217 2880 2392 2936 mind
