2658 3197
1012 222 1626 269 ——24-——-—-
2096 206 2119 236 Ψ

428 357 541 405 376.
578 356 764 417 Ubique
805 357 979 416 βάλλει
1013 358 1232 420 scriptum
1253 358 1405 408 video
1442 357 1564 406 'Sed'
1593 375 1703 406 cum
1735 374 1935 420 praesens
1975 374 2132 419 parum
2173 372 2321 433 aptum
2343 359 2418 454 eit,

217 427 351 469 νείκε
387 427 558 485 ἔβαλλε
589 427 817 480 legendum
847 427 1055 487 suspicor.
2066 440 2120 471 v:a

428 499 528 539 377.
588 495 779 551 Vulgata
823 506 922 539 ante
962 496 1180 538 Wolfium
1220 497 1361 538 lectio
1393 497 1712 551 μαχεσσάμεθ’
1756 510 1781 537 a
1832 495 2085 554 Spitznero
2097 497 2319 539 restituta
2340 508 2420 550 est,

221 558 418 611 Wolfius
445 581 549 610 vero
577 564 826 610 Aristarchi
851 563 1078 608 lectionem
1108 566 1409 619 μαχησάμεθ·
1441 575 1677 623 receperat.
1733 561 1898 607 Confer
1927 563 2073 611 Schol.
2103 568 2147 608 A
2169 564 2232 608 ad
2255 564 2290 612 Ι.
2314 562 2421 610 Μ.

216 639 265 678 et
293 632 348 677 ad
373 633 419 678 h.
448 633 477 677 l.
524 630 612 678 Sed
638 648 724 678 uon
760 633 888 678 modo
913 631 1194 679 Aristarchus
1224 648 1378 679 verum
1402 631 1811 689 etiamfflenodotus
1839 631 2025 692 duplici
2024 642 2060 680 σ
2089 633 2283 692 longam
2290 645 2424 679 voca·

218 700 307 744 lem
334 702 540 760 praetulit
568 701 615 745 in
641 702 814 745 aoristo.
878 699 1044 746 Confer
1088 701 1238 747 Schol.
1282 703 1329 747 A
1357 703 1411 746 ad
1448 704 1519 746 Η.
1538 695 1661 746 60-
1657 702 1743 745 70.
1801 699 1871 744 Ac
1900 700 2103 745 videntur
2121 702 2320 760 mquidem
2314 703 2424 763 ivri-

219 783 319 813 scae
348 786 516 827 quoqne
545 770 646 812 illae
673 770 911 822 editiones,
944 769 1257 827 Massiliensis,
1283 771 1509 827 Argolica,
1541 769 1763 829 Sinopicn,
1793 784 1924 827 porro
1957 771 2225 828 Antimachi,
2255 771 2423 815 Aristo-

220 836 402 894 phanis,
434 854 520 881 non
550 838 694 881 solum
722 838 898 894 futuro,
927 837 1004 882 nbi
1035 839 1167 896 longa
1196 840 1366 899 syllaba
1399 855 1507 899 opus
1537 849 1629 894 est,
1662 856 1691 893 η
1720 837 1954 893 tribuisse,
1983 838 2056 881 sed
2086 840 2216 884 etiam
2248 841 2420 885 aoristo.

222 902 389 951 Confer
417 904 584 954 Scholl.
630 907 684 951 ad
715 905 749 954 1.
780 908 882 953 298.
943 906 1093 952 Nostri
1125 920 1267 952 tamen
1300 907 1466 952 codices
1506 907 1554 951 in
1596 908 1743 951 futuro
1774 906 1946 965 quidem
1978 924 2034 961 η,
2085 910 2158 952 sed
2189 910 2237 953 iu
2264 909 2424 954 aon‘sto

220 980 304 1019 εσσ
331 989 504 1036 semper
526 976 619 1022 fere
647 985 832 1023 tuentur.
895 975 1040 1032 Quam
1071 977 1124 1021 ad
1154 976 1487 1020 inconstantiam
1510 973 1765 1035 Spitznerus
1794 973 1949 1032 rediit,·
1966 991 2061 1020 eam
2090 974 2136 1020 in
2168 976 2422 1023 aliis'etiam

218 1043 366 1088 verbis
396 1046 708 1104 deprehensam
741 1045 819 1101 (ad
863 1049 896 1088 I.
939 1046 1051 1102 298)
1096 1062 1229 1103 eoque
1262 1047 1369 1087 bene
1397 1045 1739 1088 commendatam
1770 1060 1867 1088 esse·
1886 1045 2131 1091 arbitratus.
2193 1045 2281 1090 Sed
2311 1048 2423 1109 falli-

219 1121 292 1164 tut·
320 1110 594 1171 Spitznerus.
653 1113 786 1158 Nullo
828 1114 915 1156 alio
956 1113 1000 1155 iu
1037 1115 1171 1157 verbo
1202 1130 1250 1156 ea
1283 1113 1567 1156 inconstantia
1597 1112 1940 1171 deprehenditur.
1998 1113 2260 1158 Prudentius
2290 1116 2424 1172 igitur

218 1175 418 1230 wolfius
447 1181 721 1228 Zenodotum
753 1191 796 1227 et
823 1181 1126 1227 Aristarchum
1158 1193 1222 1226 est
1250 1192 1433 1227 secutus.
2179 1185 2182 1189 ’
2338 1232 2340 1234 ,

271 1260 277 1266 ·
428 1251 525 1296 384.
586 1252 740 1309 ἀμφὶς
769 1252 913 1302 ἰδών,
957 1252 1070 1308 quod
1098 1251 1145 1293 in
1176 1249 1379 1293 omnibus
1408 1249 1533 1292 libris
1562 1258 1651 1304 est,
1699 1258 1948 1309 corruptum
1977 1249 2175 1306 videtur,
2233 1265 2323 1294 nou
2350 1266 2422 1296 so-

218 1317 313 1361 lum
341 1330 519 1377 propter
544 1321 795 1376 digamma,
843 1320 918 1363 sed
946 1319 1077 1362 etiam
1105 1320 1205 1376 quia
1238 1334 1316 1361 nec
1344 1317 1553 1371 ἅρματος
1583 1317 1760 1371 ἀμφίς,
1809 1333 1896 1359 non
1933 1318 2051 1360 enim
2090 1334 2189 1361 cum
2228 1320 2422 1374 genitivo

218 1385 375 1443 ἀμφὶς
417 1387 708 1440 construitur,
765 1387 802 1431 si
832 1386 991 1431 circa
1021 1386 1264 1444 significat,
1321 1400 1401 1428 nec
1445 1383 1656 1439 ἅρματος
1700 1384 1816 1428 ἰδών
1844 1384 2054 1443 conjungi
2084 1395 2250 1444 potest.-
2292 1385 2425 1431 Recte

216 1453 354 1510 igitur
378 1454 583 1513 Heynius
610 1455 742 1511 ἀμφὶ
778 1455 911 1504 [ιδών
954 1455 1185 1511 legendum
1224 1452 1473 1508 existimat,
1517 1452 1587 1495 cni
1617 1451 1908 1496 Buttmannus
1949 1451 2118 1511 (Leicil.
2150 1457 2207 1499 11.
2236 1456 2422 1513 p.-227)

215 1529 258 1566 et
284 1518 658 1579 Naegelsbachius
687 1522 1017 1582 adstipulantur.
1077 1521 1175 1567 Hoc
1205 1520 1322 1567 enim
1353 1520 1627 1577 Agamemno
1659 1520 1750 1566 ait.
1807 1519 1978 1577 „Beue
2003 1522 2294 1582 unusquisque
2324 1541 2423 1569 cur-

214 1603 317 1644 rum
346 1589 697 1649 circumspiciat,
728 1607 917 1649 numqua
947 1591 1123 1634 resectio
1155 1606 1263 1650 opus
1292 1590 1359 1634 sit
1378 1593 1408 1616 “

424 1658 522 1702 388.
573 1659 718 1715 Vulgo
735 1663 987 1714 στήθεσσιν
1003 1659 1176 1716 legitur.
1203 1658 1341 1703 codd.
1363 1674 1468 1702 vero
1492 1658 1606 1702 Ven.
1623 1657 1751 1700 Eton.
1769 1657 1916 1704 Vratt
1932 1659 1969 1701 b.
1986 1674 2023 1701 c.
2043 1658 2179 1703 Mose.
2198 1663 2236 1703 l.
2261 1661 2423 1719 vique.

214 1725 485 1786 complures,
524 1727 619 1772 edd.
650 1728 781 1776 Aldd.
816 1731 857 1775 1.
887 1731 932 1772 2.
986 1726 1188 1784 Argentt
1217 1730 1261 1772 1.
1290 1728 1334 1771 2.
1365 1729 1407 1771 3.
1461 1725 1613 1771 Basili.
1649 1730 1688 1770 1.
1718 1730 1746 1770 2
1775 1729 2039 1783 στήθεσφιν
2068 1728 2271 1784 offerunt,
2301 1732 2412 1787 quod

214 1793 506 1838 reducendum
560 1795 686 1840 duco.
758 1795 866 1840 Item
910 1794 962 1840 ΙΙ.
1006 1798 1106 1839 XII.
1153 1795 1235 1840 401
1279 1798 1540 1850 στήθεσφι,
1595 1794 1900 1851 vulgatam
1953 1804 2088 1838 ante
2130 1794 2418 1843 Wolfium

213 1861 566 1922 lectionem,
620 1880 750 1921 quam
781 1865 949 1907 codices
980 1863 1092 1905 Ven.
1128 1862 1290 1906 Vindd.
1321 1874 1492 1922 praeter
1521 1879 1656 1906 uuum
1686 1877 1853 1917 omnes,
1903 1863 2060 1920 aliique
2091 1864 2269 1921 plurimi
2299 1876 2423 1911 tuen-

213 1938 302 1986 tur,
331 1933 559 1975 revocabo.
621 1932 816 1976 Wolfius
844 1932 906 1975 ibi
925 1947 984 1975 ex
1015 1930 1139 1991 Lips.
1170 1929 1297 1975 Cant.
1329 1930 1465 1977 Mose.
1496 1931 1625 1989 srgm.
1660 1929 1795 1975 Vind.
1825 1945 1928 1983 uno,
1961 1929 2156 1975 Eustath.
2187 1948 2227 1991 p.
2258 1933 2366 1989 911,
2390 1937 2420 1981 8

214 1999 441 2056 στήθεσσι
475 2001 652 2060 recepit.

420 2069 507 2112 391
535 2085 652 2126 seqq.
711 2068 968 2111 Aristoteles
997 2068 1097 2112 Eth.
1130 2067 1299 2112 Nicom.
1334 2071 1414 2111 111.
1454 2070 1523 2111 11.
1553 2084 1596 2148 p.
1630 2068 1743 2111 1116
1774 2068 1838 2111 ed.
1867 2066 2060 2112 Bekker.
2090 2069 2418 2125 ἀνάγκάᾷουσι

211 2138 322 2194 γάρ,
353 2136 509 2194 inquit,
541 2142 583 2179 οὶ
615 2139 783 2192 κύριοι,
816 2136 972 2192 ὥσπερ
997 2136 1020 2181 ὁ
1038 2135 1287 2192 '‘„Enroop
1305 2137 1360 2180 ὃν
1391 2139 1439 2179 δὲ
1471 2138 1506 2179 κ’
1543 2136 1664 2193 ἐγών
1694 2139 1936 2180 α’πάνευθε
1960 2138 2118 2190 μάχης
2147 2142 2423 2186 πτώσσοντα

213 2208 403 2263 νοήσω,
554 2205 613 2252 οὔ
642 2210 684 2252 οὶ
830 2206 999 2262 ἄρκιον
1029 2204 1233 2252 ἐσσεῖται
1266 2208 1464 2264 φυγέειν
1492 2206 1650 2251 κύνας.
1665 2210 1690 2230 “
1751 2202 1837 2251 Sed
1868 2204 2132 2254 Aristoteles
2147 2206 2264 2253 aliu]
2290 2227 2422 2267 agens

203 2276 628 2337 'Euroep‘scripsit,
672 2293 770 2321 cnm
794 2278 1117 2335 Ἀγαμέμνων
1144 2276 1335 2322 scribere
1367 2275 1551 2319 deberet.
1612 2272 1707 2318 Nec
1737 2273 1877 2319 enim
1878 2266 1970 2330 μᾶ
1962 2270 2028 2322 ll
2062 2278 2155 2323 XV.
2187 2277 2274 2323 348
2303 2295 2420 2341 seqq

212 2347 319 2403 haec
347 2346 480 2390 verba
513 2347 758 2403 pertinere,
788 2346 879 2403 ipse
905 2346 1162 2391 Aristoteles
1193 2345 1322 2389 Polit.
1357 2346 1438 2386 III.
1471 2342 1527 2387 14
1554 2342 1742 2402 p.1284
1771 2341 1986 2387 indicatz'
1999 2343 2120 2398 αὕτη
2149 2361 2241 2399 μεν
2271 2349 2358 2393 οὖν
2389 2350 2420 2407 ἦ

214 2419 432 2469 βασιλεία
463 2418 563 2455 οἷον
595 2418 856 2469 στρατηγία
883 2427 949 2456 τις
973 2414 1349 2468 αὐτοκρατόρων
1377 2414 1457 2454 καὶ
1479 2411 1628 2455 ἀίδιός
1653 2412 1792 2455 ἐστιν·
1826 2418 2004 2455 κτεῖναι
2035 2429 2129 2470 γαρ
2162 2417 2221 2457 οὐ
2248 2420 2420 2473 κύριος,

214 2485 257 2526 εἰ
284 2484 353 2537 μή
387 2483 437 2524 ἔν
464 2500 554 2525 τινι
585 2487 832 2537 βασιλείᾳ,
875 2486 1093 2535 καθάπερ
1135 2481 1210 2524 ἐπὶ
1241 2483 1585 2535 τώννᾶρχαίων
1613 2482 1667 2524 ἐν
1695 2488 1795 2524 ταῖς
1833 2486 2107 2535 πολεμικαῖς
2150 2486 2330 2531 ἐξόδοις
2366 2488 2422 2530 ἐν

211 2551 369 2607 χειρὸς
400 2552 560 2607 νύμφαΥ
587 2552 723 2606 δηλοῖ
754 2551 792 2594 δ’
815 2549 1041 2607 ’Όμηρος
1083 2549 1107 2594 ὁ
1136 2550 1229 2606 γὰρ
1258 2548 1574 2606 Ἀγαμέμνων
1602 2554 1759 2594 κακῶς
1786 2550 1878 2604 μὲν
1906 2548 2101 2596 ἀκούων
2131 2551 2353 2607 finano*-
2371 2556 2424 2600 ἐν

211 2626 312 2665 ταῖς
342 2620 632 2672 ἐκκλησίαις,
679 2620 977 2666 ἐξελθόντων
1002 2619 1052 2662 δὲ
1085 2621 1167 2661 καὶ
1196 2624 1374 2661 κτεῖναι
1405 2622 1564 2675 κύριος
1596 2620 1669 2674 ἦν.
1711 2620 1835 2675 λέγει
1868 2623 1986 2675 γοῦν
2020 2652 2044 2672 ,,
2061 2618 2117 2662 ὃν
2148 2621 2196 2662 δέ
2219 2621 2265 2664 ’κ’
2298 2621 2421 2680 ἐγών

211 2689 456 2739 ἀπάνευθε
482 2690 639 2741 μάχης
785 2689 844 2731 οὗ
865 2693 908 2732 οι
1046 2688 1220 2742 ἄρκιον
1243 2689 1444 2730 ἐσσεῖται
1462 2689 1660 2744 φυγέειν
1689 2689 1837 2730 κύνας
1862 2689 1931 2741 ἡδ’
1963 2688 2172 2731 οἰωνούς·
2204 2690 2300 2744 παρ
2329 2694 2422 2748 γὰρ

209 2759 319 2812 ἐμοὶ
361 2757 606 2800 θάνατος’.“
668 2754 787 2799 Hinc
824 2756 1013 2798 fructum
1055 2754 1170 2799 haud
1205 2754 1417 2812 exiguum
1456 2755 1576 2799 locus
1604 2765 1752 2798 noster
1781 2755 1907 2813 capit.
1968 2746 2168 2798 Primum
2195 2757 2313 2802 enim
2338 2775 2420 2820 με)

208 2826 441 2879 ἐθέλοντα
480 2822 824 2874 substituendum
866 2833 930 2868 est
958 2826 1259 2876 πτώσσοντα,
1304 2824 1421 2882 quod
1450 2824 1631 2868 verbum
1670 2834 1762 2867 tum
1799 2839 1878 2882 per
1916 2838 1960 2866 se
1992 2821 2169 2878 gravius
2198 2832 2260 2867 e'st
2289 2841 2420 2884 quam

209 2895 451 2946 ἐθέλοντα,
483 2901 577 2936 tum
607 2889 709 2937 huic
737 2891 832 2936 loeo
851 2891 1137 2952 aptissimum.
1182 2891 1319 2938 Verte
1347 2892 1466 2937 enim
1496 2902 1706 2937 commate
1736 2903 1831 2951 post
1862 2891 2212 2951 rovum-posito:
2239 2893 2418 2951 „Quem

208 2977 316 3009 vero
359 2977 442 3021 ego
483 2975 680 3006 seorsum
724 2974 750 3004 a
790 2976 935 3020 pugna
976 2970 1095 3006 metu
1131 2977 1177 3006 se
1220 2960 1553 3008 abscondentem
1596 2961 1748 3006 videro
1763 2992 1777 3017 ,
1797 2976 1799 2978 ·
1823 2970 1869 3004 nt
1897 2967 2071 3009 manent
2099 2961 2211 3020 apud
2237 2969 2419 3013 naves.“
