2658 3197
1031 207 1642 254 --·-14ι---

444 349 542 392 150.
606 346 753 403 Vulgo
793 356 892 389 ante
934 344 1150 390 Wolflnm
1185 351 1305 402 νῆας
1323 380 1326 383 «
1347 345 1654 391 ἐπεσσεύοντο
1696 349 1929 406 legebatur
1990 347 2185 394 VVoffine
2202 352 2424 407 νήσω-’ἐπ’

239 415 490 459 ἐσσεύοντο
517 415 679 469 edidit,
724 429 832 472 quae
862 414 988 458 lectio
1013 425 1075 459 est
1103 414 1264 459 Veneti
1291 424 1334 457 et
1363 412 1506 459 Schol.
1536 416 1596 459 A.
1625 415 1745 459 {dom
1774 427 1944 462 tamen
1956 417 2008 462 11.
2035 412 2144 462 Χ..
2176 419 2281 464 148.
2313 418 2426 466 R.

240 484 328 529 395
358 492 510 540 τεῖχος
539 485 913 539 ἐπεσσυμένους,
956 482 1043 527 Od.
1073 482 1154 530 Vl.
1184 485 1244 528 20
1276 483 1502 528 ἐπέσσυτο
1532 482 1724 540 δέμνια,
1764 485 1894 533 ΧΙΙΙ.
1930 488 1986 532 19
2021 490 2116 543 νῆα
2143 489 2180 531 δ’
2212 484 2428 535 ἐπεσσεύ-

239 568 351 598 οντο
381 570 534 613 parum
564 561 812 596 constanter
838 552 1024 597 retinnit
1085 550 1342 610 Spitznerus
1378 552 1444 595 ἔπ’
1489 554 1622 597 edidit
1652 563 1800 596 contra
1829 556 2206 611 grammaticorum
2232 550 2428 604 Μαι

239 633 531 681 praeceptum,
567 620 642 679 qui
671 619 831 664 retrahi
857 629 1003 663 vetant
1031 620 1361 679 praepositionis
1389 623 1632 667 decurtatae
1661 633 1925 679 accentum,
1934 625 2020 670 nisi
2042 636 2114 670 aut
2142 627 2428 685 amphibdiae

241 691 469 733 evitandae
495 691 650 747 gratia,
679 700 724 731 ut
754 688 805 731 ΙΙ.
829 688 908 731 lv
940 689 1222 735 97.XV111.
1255 691 1362 746 191,
1399 701 1472 735 aut
1496 692 1533 734 si
1562 692 1688 736 verbi
1718 692 1943 750 compositi
1972 705 2221 751 potestatem
2249 708 2429 754 praepo-

241 759 342 806 sitio
370 759 572 805 induerit.
633 757 800 804 Confer
829 757 976 805 Schol.
1011 760 1053 805 A
1078 760 1130 806 ad
1160 759 1198 805 h.
1231 761 1259 807 1.
1292 771 1334 806 et
1362 760 1414 806 ed
1460 758 1544 807 IX.
1572 761 1670 807 583.
1714 759 1777 809 Χ
1806 760 1910 807 273.-
1950 759 2129 811 XVffl.
2163 763 2257 811 191.

450 829 550 873 160.
609 828 876 873 Buttmanno
901 838 1074 873 auctore
1104 829 1319 882 (Gi-amm.
1353 829 1409 874 ΙΙ.
1457 834 1494 885 §.
1527 833 1624 875 117.
1660 846 1762 874 ann.
1792 832 1843 882 4)
1874 833 2015 874 καδδὲ
2033 865 2043 884 ,
2085 835 2303 889 vulgatam
2332 843 2429 880 ante

243 897 459 942 Wolflum
491 899 751 954 lectionem,
796 900 965 943 reduco.
1029 898 1157 954 Quod
1192 899 1382 944 Wolflus
1410 901 1610 960 scripsit,
1647 901 1746 964 μάδ
1774 902 1853 953 δέ,
1866 928 1869 932 -
1897 901 2016 945 nullo
2056 902 2103 944 in
2139 903 2254 948 libro
2279 913 2429 947 extare

238 967 446 1027 suspicor.
508 968 639 1046 Apud
668 967 849 1012 Aristot.
880 966 1009 1012 Rhet.
1042 966 1078 1011 Ι.
1093 968 1147 1014 6.
1171 984 1215 1027 Ρ.
1250 968 1364 1012 1362
1389 969 1453 1013 ed.
1485 965 1627 1014 Bekk
1661 967 1794 1029 hym
1841 968 1900 1013 Μ.
1928 985 1970 1029 Ρ.
1999 969 2114 1026 400,
2143 972 2215 1016 38.
2267 970 2426 1019 Sohon:

240 1034 319 1081 BL
348 1039 493 1082 καδδὲ
514 1069 528 1094 ,
557 1037 602 1080 in
633 1036 726 1080 cod.
759 1036 870 1081 Ven
902 1046 943 1079 et
972 1035 1118 1081 Schol.
1153 1036 1210 1083 A.
1240 1040 1466 1080 καδδεκεν
1491 1038 1718 1098 reperitur.
1779 1037 1944 1082 Confer
1970 1054 2069 1084 ann.
2101 1038 2188 1083 w-
2183 1040 2289 1089 *1⁷6
2345 1067 2348 1071 ,

451 1108 535 1150 165
564 1117 605 1150 et
638 1108 732 1150 181.
793 1105 1012 1164 Bendejus
1042 1108 1151 1160 μηδ’
1182 1107 1301 1158 ida,
1329 1107 1611 1150 Thierscbius
1640 1108 1685 1149 in
1716 1096 1907 1152 Gramm
1941 1112 1986 1161 §-
2018 1110 2147 1164 220,-
2157 1110 2245 1153 09-
2241 1126 2360 1156 ann.
2371 1113 2426 1200 2.

243 1176 350 1230 μηδ’
383 1180 458 1220 εἴα
486 1175 682 1235 conjecit
742 1173 993 1218 Thierschii
1028 1175 1272 1235 conjectura
1304 1186 1502 1235 praestat.

454 1246 551 1291 168
609 1243 741 1288 Hunc
768 1259 970 1299 versum,
999 1244 1098 1302 quia
1129 1244 1174 1287 in
1208 1244 1318 1290 Ven
1351 1254 1391 1288 et
1420 1260 1500 1288 sex
1530 1244 1627 1288 aliis
1660 1243 1878 1288 codicibus
1904 1244 2053 1302 abest,
2084 1243 2277 1290 Woifius
2308 1248 2431 1292 uncis

242 1313 428 1359 inclusit.
491 1313 577 1358 Sed
610 1324 805 1356 accurate
835 1323 876 1355 et
900 1314 1082 1356 verbose
1111 1314 1256 1356 omnia
1287 1330 1488 1357 enarrare
1506 1347 1519 1369 ‚
1565 1314 1854 1357 Homericum
1882 1324 1959 1357 eet.

454 1386 553 1427 171.
615 1381 726 1425 Cum
757 1381 910 1424 ceteris
947 1381 1149 1425 omuibus
1191 1382 1295 1425 locis
1332 1381 1582 1439 imperfecto
1617 1383 1741 1425 verbi
1770 1382 1980 1435 ἅπτομαι
2009 1391 2286 1439 augmentum
2310 1383 2431 1427 addi-

241 1461 333 1498 tnm
366 1451 421 1497 sit
450 1450 536 1505 (11.
566 1448 692 1498 Vffl.
722 1450 791 1496 67.
833 1447 919 1498 ΧΙ.
949 1449 1023 1495 85.
1065 1449 1172 1497 XV.
1202 1451 1301 1496 319.
1345 1449 1476 1497 XVI.
1505 1451 1605 1500 778.
1645 1449 1754 1496 ΧΧ.
1785 1450 1932 1507 468),
1981 1466 2062 1496 nec
2101 1466 2275 1497 causam
2308 1453 2433 1499 inve-

241 1520 362 1566 niam
390 1521 560 1577 ullam,
588 1535 666 1563 cnr
695 1519 776 1562 boc
805 1534 894 1562 uno
927 1519 1022 1564 loco
1051 1521 1161 1564 absit
1191 1531 1496 1578 augmentum,
1532 1521 1702 1576 ἧπτε-το
1731 1520 2005 1563 scribendum
2032 1536 2200 1564 censeo.
2234 1529 2236 1532 ’

456 1590 554 1634 176.
618 1587 809 1631 wolfius
838 1597 885 1629 nt
913 1604 953 1631 v.
988 1590 1072 1632 160
1102 1590 1235 1641 (vide
1266 1605 1367 1631 ann.
1382 1595 1403 1640 )
1445 1586 1593 1633 contra
1632 1586 1842 1631 librorum
1883 1589 2207 1634 auctoritatem·
2259 1590 2428 1634 ucis-64}

244 1674 341 1704 κεν
384 1657 492 1712 Cod.
523 1658 636 1703 Ven.
667 1659 907 1703 καδδεκεν.
953 1656 1082 1714 Quod
1112 1668 1211 1702 ante
1239 1656 1458 1702 Wolflum
1483 1658 1615 1714 vulgo
1646 1658 1863 1712 edebatur,
1893 1658 2035 1701 καδδὲ
2063 1672 2146 1701 κεν
2173 1652 2431 1704 reduciffl.

265 1745 270 1750 ·
454 1727 552 1770 179.
613 1724 870 1784 Spitznerus
898 1742 958 1769 ex
987 1727 1109 1773 codd.
1143 1724 1322 1772 Townl.
1341 1726 1532 1774 Barocc
1575 1736 1618 1770 et
1659 1724 1883 1770 Sch01.L
1925 1727 2031 1781 μηδ’
2068 1725 2125 1770 ἔτ’
2154 1728 2313 1787 recepit
2339 1728 2433 1772 lau-

241 1796 353 1841 datis
382 1795 432 1842 11.
465 1793 548 1840 ΙΙΙ.
580 1795 678 1842 407.
742 1795 827 1838 Od
861 1793 894 1841 Ι.
926 1795 1027 1839 289.
1066 1794 1122 1840 ΙΙ.
1152 1797 1252 1842 220.
1308 1794 1395 1841 Sed
1424 1795 1475 1841 ΙΙ.
1506 1794 1663 1840 ΧΧΙΙ.
1697 1795 1780 1838 185
1817 1804 1909 1838 tum
1950 1810 2098 1839 omues
2127 1794 2229 1839 libri
2256 1805 2349 1841 tum
2377 1798 2433 1842 il-

240 1866 326 1911 lius
365 1864 451 1910 loci
492 1863 601 1909 ratio
645 1867 766 1920 μηδέ
809 1864 842 1907 τ’
888 1864 1023 1919 ἐρώει
1052 1873 1238 1912 tuentur.
1297 1862 1448 1924 Itaque
1477 1880 1532 1909 ne
1562 1865 1645 1909 boo
1669 1863 1840 1922 quidem
1870 1864 1965 1908 loco
1994 1880 2018 1907 a
2048 1864 2222 1921 vulgata
2251 1866 2433 1911 lectione

243 1935 512 1980 recesserim.
871 1961 875 1965 ·

243 2025 251 2032 ·
451 2004 551 2050 180.
609 2002 845 2060 Vulgatam
887 2012 985 2047 ante
1011 2001 1231 2047 Wolfium
1257 2003 1485 2047 lectionem
1516 2009 1611 2046 σοῖς
1641 2003 1677 2044 δ’
1720 2001 1914 2057 ἀγανοῖς
1949 2000 2114 2046 codices
2143 2001 2432 2063 editionesqne

242 2088 416 2131 omncs,
447 2071 596 2118 Schol.
626 2072 684 2116 A.
715 2071 755 2115 h.
789 2072 815 2116 1.
849 2069 1011 2116 Scholl.
1037 2070 1131 2116 BL.
1163 2072 1218 2115 ad
1250 2070 1309 2116 ΙΙ.
1342 2070 1440 2114 199.
1481 2069 1673 2114 Eustatb.
1705 2086 1748 2130 p.
1782 2070 1888 2126 197,
1918 2069 2004 2115 45:
2050 2068 2231 2130 interpr.
2263 2087 2329 2129 gr.
2360 2087 2428 2133 ap.

241 2144 435 2188 Bekker.
467 2152 655 2186 tuentur.
705 2133 849 2185 Recte
876 2152 1019 2185 tamen
1049 2142 1243 2185 Wolfius
1285 2144 1323 2184 δ’
1362 2139 1591 2199 expunxit.
1651 2139 1849 2184 Primum
1879 2139 1995 2183 enim
2025 2156 2083 2182 ex
2110 2138 2271 2187 Scholl.
2301 2141 2432 2186 ALV

242 2216 297 2257 ad
327 2213 386 2257 ΙΙ.
421 2211 507 2256 164
535 2213 700 2266 elucet,
749 2227 836 2254 non
877 2211 1017 2254 solum
1061 2210 1137 2254 illo
1177 2211 1250 2255 sed
1292 2209 1422 2254 etiam
1467 2209 1549 2253 hoc
1591 2209 1685 2254 loco
1711 2210 1792 2254 τὰς
1821 2212 2129 2265 χαριεστάτας·
2156 2210 2365 2256 ἐκδόσεις
2390 2222 2432 2257 et

244 2277 550 2343 Aristophanis
592 2280 824 2327 editionem
868 2278 1119 2326 exhibuisse
1159 2285 1256 2326 σοῖς
1285 2279 1480 2338 ἀγανοῖς
1507 2277 1644 2323 deleto
1673 2278 1724 2323 δ’.
1783 2276 1952 2326 Deinde
1982 2293 2108 2339 saepe
2135 2276 2183 2323 in
2212 2279 2433 2342 imperati-

245 2350 314 2397 vis
345 2350 553 2412 asyndeto
578 2347 798 2394 Homerus
825 2349 986 2393 utitur.
1018 2348 1067 2393 ΙΙ.
1102 2348 1135 2394 Ι
1162 2349 1261 2395 334.
1293 2350 1388 2392 363
1422 2347 1499 2391 ΙΙΙ.
1531 2349 1603 2394 82
1634 2347 1733 2393 432.
1776 2348 1834 2391 V.
1865 2349 1961 2393 109.
1992 2347 2086 2392 ΧΙΙ
2127 2349 2227 2392 343.
2256 2344 2433 2392 va.

246 2420 315 2463 74.
348 2421 445 2465 170.
476 2419 611 2463 XIX.
642 2420 739 2465 347.
765 2410 1273 2478 XX111.646(ub÷⁶ua2
1302 2416 1473 2462 etiam
1503 2418 1601 2475 est).
1633 2416 1810 2461 XXIV.
1841 2416 1936 2463 144.
1977 2417 2062 2461 od.
2081 2417 2141 2462 X.
2173 2419 2273 2465 320.
2304 2417 2431 2465 xm.

245 2489 367 2534 362
402 2488 505 2531 XV.
538 2489 608 2533 46.
648 2488 776 2534 XV!
809 2487 906 2533 436.
938 2483 1092 2532 XVII.
1125 2488 1225 2533 393.
1251 2487 1348 2532 508
1381 2487 1482 2532 529.
1510 2484 1607 2530 544.
1661 2484 1839 2530 XXIV.
1874 2484 1947 2530 54.
1989 2486 2089 2531 357.
2158 2484 2362 2544 Denique
2386 2486 2433 2531 ‘6’

244 2559 301 2604 ab
343 2558 400 2602 iis
439 2556 627 2602 additum
666 2567 872 2618 apparet,
924 2554 999 2615 qui
1042 2572 1143 2601 usus
1172 2554 1396 2601 Homerici
1420 2571 1573 2614 parum
1603 2553 1729 2611 gnari
1774 2553 2091 2598 connexionem
2124 2552 2430 2602 desiderarent.

245 2627 385 2687 Quod
409 2624 647 2686 Spitznero
683 2642 851 2686 quoque
886 2624 1054 2670 accidit.
1114 2624 1228 2669 Nam
1265 2625 1377 2685 qnod
1413 2625 1638 2685 praecedat
1675 2624 1782 2679 μηδ’
1812 2622 1887 2667 ffzr
1930 2623 2023 2677 (vel
2047 2622 2190 2682 potins
2213 2622 2338 2677 μηδὲ
2368 2625 2430 2681 τ’)

244 2693 408 2754 ἐρώει,
440 2705 573 2753 negat
602 2697 638 2738 δ’
670 2698 815 2740 abesse
844 2712 982 2757 posse.
1042 2694 1162 2739 ldetn
1184 2705 1327 2739 tamen
1358 2710 1399 2739 v.
1428 2694 1516 2739 164
1541 2693 1760 2738 Wolfium
1788 2703 1851 2737 est
1880 2704 2077 2747 secutus,
2101 2691 2205 2774 etsi
2218 2691 2295 2766 ilio
2325 2709 2432 2782 qno-

243 2783 328 2828 que
358 2767 453 2810 loco
483 2780 633 2809 omnes
661 2766 762 2808 libri
792 2765 928 2810 nostri
958 2767 993 2807 δ’
1025 2766 1136 2809 tueri
1166 2765 1397 2809 dicuntur.

453 2835 552 2882 181.
613 2832 897 2878 Tbierscbius
922 2834 1030 2889 μηδ’
1060 2838 1134 2878 ἐἴα
1162 2833 1250 2892 legi
1278 2834 1432 2896 jubet.
1473 2788 1602 2880 Gonf.
1633 2849 1733 2877 ann.
1766 2830 1827 2880 ΙΙ.
1860 2829 1957 2876 165.
2217 2846 2223 2855 ‘
2318 2853 2320 2857 Α

448 2904 548 2949 192.
608 2899 758 2960 Vulgo
783 2903 1024 2958 Ἀτρείδαο
1053 2903 1224 2961 legitur.
1283 2902 1371 2948 Sed
1401 2887 1545 2948 Schol
1575 2901 1621 2946 A
1651 2903 1745 2946 οἶος
1772 2904 1887 2946 νόος
1910 2900 2171 2953 Ἀτρείδαο]
2204 2900 2298 2944 οἶος
2324 2903 2430 2947 νόος

242 2977 528 3029 Ἀτρείωνος·
559 2972 651 3018 κάν
680 2977 780 3019 ταῖς
797 2973 1073 3028 διορθώσεσι
1103 2976 1183 3017 καὶ
1213 2972 1266 3018 ἐν
1285 2979 1377 3018 τοῖς
1394 2964 1735 3029 ὑπὸμνήμασιν
1758 2969 1907 3015 οὕτως
1921 2967 2211 3026 ἐγέγραπτο,
2219 2964 2429 3027 Ἀτρἐὠὶ
