2658 3197
1038 144 1655 194 ——--10--—

452 285 523 328 76.
583 285 732 341 Vulgo
770 286 865 327 κατ’
907 284 977 338 ἄρ’
1023 284 1166 335 ἕζετο.
1235 283 1477 343 Equidem
1474 283 1566 327 ἐκο
1574 288 1738 336 &egeto
1783 286 2013 344 legendum
2049 302 2215 332 censeo.
2277 287 2441 334 Confer

240 367 346 397 ann.
376 358 412 397 Ι.
444 353 519 397 68.

448 423 522 468 85.
581 420 889 481 Apollonius
873 439 922 466 ιιι
948 422 1037 471 lex.
1063 420 1198 469 Hom.
1227 438 1271 482 Ρ.
1301 420 1388 467 485
1407 437 1434 466 o
1463 421 1558 467 acui
1590 396 1721 467 tradit
1750 439 1869 469 cum
1878 396 1986 469 alias
2012 434 2102 469 tum
2132 425 2171 469 si
2197 440 2279 486 Ριο
2308 425 2441 475 οὖτος

239 490 311 537 sit.
370 490 567 535 Eustatb.
605 506 650 549 p.
696 492 837 547 23,1
868 492 921 534 de
951 507 978 534 ο
1007 490 1344 539 ᾶειιιοιιειιοιίνο
1372 491 1488 534 idem
1516 491 1663 537 refert.
1726 491 1918 548 Uterque
1947 494 2029 538 hoc
2057 495 2258 552 exemplo
2286 494 2330 544 ὃ
2346 497 2440 552 γὰρ

241 564 439 616 βασιλῆι
465 562 693 612 χολωθεὶς
735 560 881 604 utitur.
943 558 1080 603 cuius
1114 558 1263 618 placiti
1289 557 1551 602 mentionem
1580 574 1660 614 ego
1695 575 1783 605 non
1811 559 2040 614 fecissem,
2085 562 2241 621 quippe
2268 564 2386 620 quod
2416 580 2441 608 a

240 627 510 672 Buttmanno
540 627 598 674 in,
621 628 815 675 Gramm.
846 633 883 671 Ι.
915 644 959 686 Ρ.
992 628 1051 671 60
1079 639 1122 671 et
1151 644 1191 686 p.
1222 627 1310 671 299
1341 626 1444 670 satis
1472 625 1527 670 sit
1555 627 1818 682 refutatum,
1856 627 1946 675 ,nisi
1976 627 2232 688 Spitznerus
2259 645 2313 676 eo
2342 647 2442 690 per-

242 697 395 740 ductus
427 706 551 751 esset,
585 705 631 738 ut
661 696 741 738 hoc
775 696 871 739 loco
902 696 1084 755 aliisque
1115 697 1184 756 (v.
1211 696 1282 739 90.
1314 694 1395 752 94)
1425 694 1553 738 etiam
1582 696 1792 755 pluralem
1825 699 1870 737 οὶ
1895 706 1935 738 et
1966 700 2016 738 αὶ
2047 709 2225 743 accentu
2252 710 2440 755 ornaret,

244 766 288 808 id
315 766 425 822 quod
442 764 619 807 -nemini
648 775 747 807 aute
773 762 1054 823 Spitznerum
1081 765 1130 809 in
1159 774 1345 808 mentem
1375 764 1511 808 venit.

450 833 523 878 87.
584 832 784 894 Bentlejo
825 835 958 889 ρέθνέ
999 839 1095 878 ἴασι
1135 851 1215 894 pro
1253 833 1393 878 ἔθνεα
1428 833 1522 893 εἱσι.
1543 831 1747 877 scribenti
1778 831 1995 877 adsentior
2022 850 2110 878 non
2149 836 2289 881 solum
2328 835 2441 894 quod

242 904 302 948 ita
331 902 476 948 hiatus
519 903 735 962 illegitimi
764 903 1000 957 tolluntur,
1051 903 1125 948 sed
1167 902 1296 947 etiam
1339 903 1452 960 quod
1478 902 1616 946 ἔθνεα
1647 901 1718 945 vel
1753 904 1913 955 ρέθνεα
1942 917 2111 962 semper
2150 920 2248 948 cum
2285 905 2442 965 plurali

241 973 479 1031 praedicati
526 989 706 1016 numero
735 971 1017 1017 connectitur.
1081 971 1193 1015 Vide
1229 970 1283 1016 Il.
1329 974 1389 1013 11.
1395 971 1488 1019 89
1517 972 1589 1014 92.
1618 970 1716 1021 462.
1749 972 1847 1028 (ubi
1877 972 2028 1016 confer
2055 974 2185 1031 ann.)
2217 974 2317 1018 465.
2361 981 2440 1018 XI

244 1042 343 1086 724.
375 1041 466 1085 od*
498 1048 619 1086 ΧῙΥ.
648 1043 719 1084 73.
748 1040 1020 1084 Adversatur
1049 1057 1160 1084 unus
1183 1041 1302 1083 locus
1332 1015 1420 1084 Od.
1451 1044 1528 1085 ΧῙ.
1558 1039 1661 1083 632.

455 1110 527 1154 90.
588 1108 817 1168 Heynius,
859 1118 905 1151 ut
936 1109 1079 1153 hiatus
1109 1109 1356 1163 tolleretur,
1395 1109 1444 1151 δὲ
1478 1124 1548 1152 τοι
1578 1125 1657 1167 Ριο
1686 1110 1735 1151 δέ
1766 1124 1814 1152 τε
1844 1106 1931 1166 legi
1959 1087 2099 1167 jussit,-
2159 1106 2247 1162 Sed
2276 1108 2441 1157 Home-

247 1194 323 1225 rus
351 1194 426 1223 τοι
454 1177 664 1238 particula
696 1193 783 1221 non
811 1175 949 1221 utitur
976 1176 1060 1229 nisi
1090 1177 1138 1222 in
1166 1193 1379 1222 sermone.
1439 1176 1735 1242 Quamobrem
1765 1178 1816 1221 δὲ
1846 1180 1926 1221 καὶ
1956 1177 2186 1234 legendnm
2208 1194 2382 1231 censeo.

452 1247 524 1291 95.
584 1246 772 1301 Vulgata
794 1256 892 1288 aute
922 1244 1139 1289 Wolfium
1169 1247 1206 1288 δ’
1237 1247 1562 1299 ἐστοναχίζετο
1591 1244 1700 1300 suit,
1729 1247 1878 1296 eadem
1907 1256 1973 1289 est
2000 1245 2222 1290 Eustatbii
2231 1246 2366 1291 lectio
2395 1265 2439 1305 p.

254 1315 356 1371 180,
383 1318 428 1361 3.
490 1313 596 1361 cod.
627 1325 769 1358 autem
798 1313 850 1358 (3.
881 1330 950 1373 ap.
980 1312 1124 1358 Bentl.
1157 1314 1193 1358 δ’
1224 1314 1571 1369 ἑστεναχῖζετο,
1601 1315 1724 1358 codd.
1752 1313 1874 1374 Lips.
1907 1313 2041 1360 Mosc.
2072 1318 2109 1360 1.
2136 1314 2265 1360 Eton.
2294 1314 2442 1360 Schol.

248 1386 314 1432 br.
345 1387 395 1429 δὲ
426 1388 754 1438 στοναχίζετο,
802 1382 926 1431 ven.
965 1393 1009 1428 et
1051 1379 1200 1428 Schol.
1241 1383 1286 1428 A
1317 1383 1368 1428 δὲ
1399 1386 1694 1439 στεναχίζετο
1723 1383 1925 1436 offerunt.
1986 1381 2095 1428 ltem
2124 1383 2227 1429 libri
2256 1384 2368 1430 inter
2397 1401 2444 1430 se

244 1453 516 1514 discrepant,
572 1452 723 1497 ubiubi
767 1451 896 1507 (locis
936 1451 1084 1496 decem
1125 1461 1168 1495 et
1208 1457 1393 1511 septem)
1435 1452 1517 1497 hoc
1546 1452 1728 1504 verbum
1756 1451 1999 1511 reperitur,
2052 1454 2125 1498 sed
2155 1452 2214 1498 ita
2242 1463 2290 1498 ιιι
2318 1469 2444 1513 prae-

243 1522 496 1567 stantissimi
519 1523 692 1573 codices(
717 1522 882 1565 formae
914 1526 1205 1576 στεναχίζειν
1230 1533 1303 1565 aut
1333 1524 1689 1574 στεναχίζεσὲαι
1718 1522 2024 1577 suffragentur.
2084 1521 2278 1566 Woffius
2306 1522 2441 1581 igitur

248 1596 540 1644 στεναχίζειν
570 1601 642 1634 aut
666 1593 1024 1643 στεναχίζεσθαι
1054 1589 1212 1647 ubique
1242 1589 1401 1647 recepit
1431 1590 1499 1645 (h.
1530 1591 1560 1632 l.
1590 1590 1636 1633 δὲ
1680 1590 2030 1647 στεναχίζετο),
2085 1589 2244 1634 Veneti
2273 1590 2445 1649 potiasi-

246 1675 367 1704 mum
395 1659 674 1713 auctoritate,
716 1669 923 1716 quantum
954 1658 1152 1713 videtur,
1199 1659 1379 1714 ductus,
1415 1675 1499 1717 quo
1529 1658 1574 1702 in
1605 1658 1749 1702 codice
1779 1674 1948 1717 semper
1975 1658 2080 1713 haec
2110 1658 2250 1703 forma
2280 1659 2443 1719 reperi-

246 1740 329 1772 tur.
391 1727 510 1771 ldem
540 1738 682 1770 tamen
717 1734 964 1781 στοναχεῖν
994 1737 1034 1770 et
1067 1727 1272 1781 στοναχὴ
1306 1728 1461 1785 ubique
1491 1727 1670 1782 retinet,
1713 1742 1969 1783 quamquam
1999 1743 2086 1770 non
2114 1728 2255 1779 solum
2284 1738 2444 1775 στενα·

246 1805 349 1852 χεῖν
377 1796 481 1839 libri
510 1795 662 1854 optimi
693 1798 908 1848 offerunt,
940 1797 984 1838 in
1016 1797 1084 1839 his
1114 1796 1205 1854 ipse
1236 1795 1428 1850 Venetus
1453 1793 1508 1838 ll.
1540 1800 1702 1850 XMV.
1733 1795 1819 1849 79,
1851 1804 1892 1837 et
1923 1796 2123 1849 στεναχή
2154 1795 2371 1851 Zenodoti
2400 1808 2442 1841 et

247 1864 556 1924 Aristophanis
585 1863 836 1908 auctoritate
864 1864 1047 1923 gaudet,
1104 1865 1176 1908 sed
1220 1865 1348 1909 etiam
1392 1866 1636 1917 στενάχειν
1666 1873 1708 1906 et
1738 1867 2027 1917 στεναχίζειν
2057 1874 2102 1907 ιιι
2133 1871 2373 1921 στεναχεῖν
2401 1877 2442 1909 et

249 1935 455 1989 στεναχή
484 1933 812 1992 praeferantur,
860 1949 995 1991 paene
1034 1944 1208 1990 cogunt.
1270 1933 1370 1989 Qua
1399 1931 1558 1976 Wolfii
1597 1930 1883 1974 inconstantia
1926 1932 2016 1991 jam
2058 1933 2343 1979 Buttmannus
2374 1936 2441 1978 os-

248 2006 398 2048 fensns
426 2003 471 2045 in
514 2001 662 2044 Lexil.
706 2003 743 2043 Ι.
787 2017 827 2058 p.
857 2001 944 2045 214
983 2018 1071 2059 seq.
1112 2002 1522 2060 ΡιοΡιει-ετοναχὴ
1553 2010 1594 2042 et
1625 2006 1870 2052 στοναχεῖν
1899 2002 2128 2058 postulavit
2156 2013 2203 2046 ut
2229 2008 2441 2058 drovaxz'-

249 2079 351 2122 ζειν
382 2070 690 2115 restitueretur.
749 2067 812 2112 At
854 2069 1034 2113 minime
1062 2081 1241 2122 constat,
1285 2071 1490 2124 στοναχὴ
1520 2071 1561 2113 e't
1592 2075 1836 2122 στοναχεῖν
1864 2067 2119 2114 Homericae
2145 2071 2307 2128 formas
2335 2089 2439 2117 esse.

249 2141 506 2200 Spitznerus
549 2154 654 2181 vero
698 2136 809 2181 Exc.
856 2142 936 2184 111.
979 2138 1149 2184 Wolfio
1194 2140 1361 2184 auxilio
1397 2139 1577 2183 veniens
1618 2142 1860 2193 στενάχειν
1891 2144 2181 2194 στεναχίζειν
2210 2152 2251 2189 et
2279 2143 2441 2185 στόνος

250 2208 456 2263 στοναχὴ
487 2212 734 2260 στοναχεῖν
762 2207 991 2266 componit.
1051 2205 1139 2251 Sed
1165 2216 1207 2251 et
1235 2208 1325 2266 ipse
1355 2207 1611 2267 Spitznerus
1639 2207 1818 2262 fallitur,
1847 2207 2048 2265 quoniam
2076 2209 2210 2252 verba
2233 2209 2281 2252 in
2309 2217 2378 2253 εῖν
2400 2222 2441 2254 et

251 2280 297 2323 in
329 2284 444 2330 ’ἱζειν
476 2287 592 2320 tanta
622 2274 881 2333 cognatione
909 2275 1022 2319 inter
1048 2291 1092 2319 se
1123 2287 1221 2320 sunt
1250 2277 1495 2338 conjuncta,
1530 2286 1578 2321 ut
1607 2276 1871 2321 derivatione
1891 2278 2060 2320 diversa
2092 2276 2239 2321 divelli
2272 2296 2320 2322 ea
2355 2296 2441 2322 non

251 2349 391 2392 liceat.
449 2346 625 2389 videsis
641 2347 796 2388 αἰνεῖν
824 2346 1105 2396 αἰνὶζεσὲαι,
1135 2347 1282 2388 αἰτεῖν
1312 2349 1522 2399 αἰτίζειν,
1553 2349 1755 2402 ἀραβεῖν
1782 2345 2157 2403 ἀμφαραβίζειν,
2186 2345 2442 2391 ἀναπολεῖν

250 2418 579 2468 ἀναπολῖζειν,
608 2415 832 2470 ἀτρεμεῖν
860 2413 1158 2469 ἀτρεμίζειν,
1188 2412 1363 2471 ἀφρεῖν
1390 2417 1615 2474 ἀφρίζειν
1633 2450 1643 2469 ,
1686 2415 1886 2473 ἀβακεῖν
1915 2416 2165 2471 ἀβακίζειν
2182 2448 2193 2469 ,
2238 2414 2440 2473 ἀκροβο-

251 2491 352 2532 λεῖν
381 2486 733 2539 ἀκροβολίζειν,
763 2491 933 2541 γαμεῖν
964 2488 1207 2540 γαμὶζειν,
1241 2487 1443 2529 δειπνεῖν
1473 2488 1725 2535 δειπνίζειν
1744 2516 1754 2535 ,
1794 2486 2016 2538 Βρυλλεῖν
2044 2487 2339 2539 θρυλλίζειν,
2368 2484 2439 2529 ε’ν-

251 2556 505 2608 Ξυμεῖσὲαι
532 2553 883 2606 ἐνθυμίζεσθαι,
917 2557 1252 2608 προκαλεῖσθαι
1280 2557 1658 2609 προκαλὶζεσὲαι,
1690 2559 1915 2605 καναχεῖν
1932 2557 2221 2606 καναχίζειν,
2248 2556 2440 2598 καυλεῖν

250 2625 511 2673 καυλιζειν,
538 2628 715 2664 κεντεῖν
743 2625 985 2676 κεντίζειν,
1012 2629 1177 2677 κομεῖν
1206 2626 1434 2676 κομίζειν,
1464 2626 1690 2679 κοναβεῖν
1713 2625 2001 2679 κοναβῖζειν,
2032 2629 2191 2666 κονεῐν
2219 2624 2438 2677 κονὶζειν,

249 2694 749 2742 κυανεῐνκυανίζειν,
778 2695 975 2744 μοχθεῖν
1006 2696 1275 2746 μοχθίζειν,
1318 2696 1592 2736 ολοκαυτεῐν
1622 2691 1970 2744 ὁλοκαυτῖζειν,
2002 2695 2222 2746 πολεμεῖν
2253 2695 2439 2747 πολεμί-

247 2771 364 2815 ζειν,
400 2766 683 2817 συγχρονεῖν
713 2764 1063 2816 συγχρονίζειν,
1092 2763 1299 2816 ὑστερεῖν
1329 2761 1602 2813 ὑστερίζειν,
1631 2760 1771 2804 ὠθεῖν
1802 2760 2003 2812 «affligar.
2062 2759 2210 2820 Itaque
2238 2761 2312 2819 qui
2342 2772 2438 2810 στε-

250 2837 465 2888 ναχίζειν
504 2827 791 2880 Homericum
830 2846 920 2876 esse
947 2829 1129 2890 judicat,
1187 2838 1429 2885 στεναχεῖν
1468 2830 1693 2890 repudiare
1737 2830 1778 2875 ei
1807 2847 1910 2875 -ιιοιι
1940 2829 2054 2876 licet.
2111 2829 2181 2876 Ac
2208 2831 2246 2874 si
2275 2840 2439 2878 certum

251 2914 330 2958 est,
357 2903 623 2956 στενάχειν,
656 2906 917 2955 στεναχεῐν,
952 2903 1243 2967 στεναχίζων
1271 2899 1513 2953 Homerum
1542 2898 1735 2958 dixisse,
1773 2900 1898 2958 quis,
1927 2915 2112 2959 quaeso,
2153 2898 2206 2944 de
2235 2902 2436 2960 στεναχή
