2658 3197
1013 183 1628 233 ⁴22*—
2089 159 2144 220 ⁸

218 323 308 371 ³18
332 324 491 379 ἄνδρα
521 322 670 376 ἑλεῖν,
697 322 785 366 576
814 322 1124 376 Πυλαιμένεα
1152 321 1332 377 ἑλέτην.
1372 320 1481 366 ΧῪ
1513 324 1570 366 71
1593 326 1718 368 αἰπὺ
1745 324 1905 369 ἕλοιεν.
1946 323 1997 370 Il.
2028 323 2155 372 VIII.
2186 326 2257 371 43.
2291 325 2422 372 xm.

217 393 294 438 25.
319 391 426 437 241.
467 390 644 437 XVIII
676 389 776 434 4⁷6.
807 387 895 433 477
936 392 1076 447 γέντο
1106 405 1187 450 pro
1215 393 1375 434 suero.
1433 386 1488 437 ΙΙ.
1516 389 1554 438 I.
1585 391 1615 436 4
1659 394 1711 437 δὲ
1740 393 1928 450 ἑλώρια.
1979 393 2039 439 Ὺ.
2063 390 2169 466 ᾳ
2196 408 2256 449 με
2285 395 2424 452 ἕλωρ.
2483 431 2506 453 ,

218 459 373 508 XVII.
401 462 493 505 667
525 463 702 518 φόβοιο
733 457 872 513 ἕλωρ.
913 457 1110 519 Hesycb.
1140 457 1179 503 I.
1209 475 1251 518 Ρ.
1282 459 1369 502 817
1395 460 1586 516 γέννου,
1618 462 1848 517 Κύπριοι,
1879 466 1960 507 καὶ
1988 459 2217 519 λάβὲἔᾷαὶ
2237 466 2426 556 κάθιξε.

221 528 387 577 confer
416 528 649 575 Tbierscb.
680 526 875 574 Grnmm.
909 530 945 581 §.
980 527 1092 583 153,
1120 528 1193 571 27.
1238 531 1276 582 §.
1305 528 1490 583 155,1.

429 620 528 665 333.
591 617 764 663 Literae
792 615 998 662 Aeolicae
1028 617 1319 663 restituendae
1350 617 1490 677 gratia
1519 616 1743 680 Bentlejus
1772 620 2015 680 complures
2043 614 2322 683 conjecturas
2328 638 2430 684 pro·

220 689 370 749 ponit:
405 690 612 747 Ἀργεῖοι
642 689 766 744 μέγα
801 688 983 744 ςίαχον,
1009 686 1213 745 Ἀργεῖοι
1244 688 1282 732 δ’
1314 687 1595 745 bundamor(
1623 687 1685 733 ὣς
1714 688 1854 745 φάτο·
1887 690 2005 733 λαοὶ4
2026 691 2076 735 δὲ
2107 686 2430 752 μέγαγίὰχον.

221 755 439 815 Quartam
461 772 541 814 ego
570 756 705 801 addo:
744 755 806 798 ὣς
825 755 950 812 φάτ’·
974 755 1160 810 Ἀχαιοὶ
1191 757 1240 800 δὲ
1272 758 1398 815 μέγα
1428 759 1595 814 ςίαχον.
1628 754 1672 801 Α
1690 753 1823 800 simili
1845 755 1963 801 enim
1982 755 2278 819 principio'm
2295 756 2429 806 XXI.

222 821 312 870 423
340 823 520 885 incipit:
577 823 639 868 ὣς
669 824 795 881 φάτ”
831 826 1067 880 Ἀθηναίη
1103 828 1152 868 δὲ
1180 827 1449 880 μετέσσυτο.

428 916 532 975 342.
596 916 748 974 Vulgo
791 919 885 973 γάρ
926 918 956 969 ῤ’
1003 919 1175 961 ἐπέεσσ’
1218 917 1389 974 legitur.
1458 915 1545 960 Sed
1587 931 1686 959 cum
1731 917 1760 967 ῤ’
1793 915 1905 959 absit
1939 916 1986 960 in
2029 917 2145 966 Ven.
2187 917 2242 965 B.
2281 929 2323 964 et
2361 935 2430 981 ap.

219 983 418 1048 Hesych.
449 985 484 1033 I.
522 1003 564 1047 p.
595 987 704 1041 631,
735 994 776 1029 et
805 1002 874 1044 ap.
906 983 1053 1031 Schol.
1085 987 1143 1031 A.
1177 986 1230 1031 ad
1262 984 1325 1030 X.
1356 985 1467 1038 167,
1511 983 1742 1029 delendum
1769 983 1813 1028 id
1846 1000 2015 1040 censeo,
2047 997 2092 1030 ut
2121 987 2338 1044 digamma
2365 1005 2433 1033 re-

218 1055 447 1100 stituatur:
506 1057 600 1113 γὰρ
648 1056 853 1112 ςεπέεσὸ.
916 1053 1034 1100 Idem
1076 1056 1223 1100 suadet
1272 1053 1313 1100 J.
1357 1053 1418 1101 Η.
1472 1054 1599 1098 Voss.
1648 1053 2054 1112 (Anmerkungen,
2100 1055 2258 1116 ,Leipz
2306 1059 2431 1103 1838.

224 1140 253 1183 P
434 1192 532 1236 347.
596 1189 741 1236 ScboI.
775 1192 818 1236 Α
846 1194 1130 1249 βσυλεύωᾶ]
1157 1192 1226 1237 ὅτι
1251 1194 1549 1248 βουλεύωσιν
1579 1196 1628 1234 αὶ
1652 1192 1982 1245 ’Λριστάρχου.
2030 1191 2155 1247 Quae
2184 1194 2433 1249 verba-‚uon

223 1258 476 1316 intelligens
521 1257 804 1319 Spitznerus,
859 1259 968 1307 alios
1009 1259 1290 1304 indicativum
1332 1260 1497 1305 dedisse
1544 1259 1797 1319 suspicatur.
1868 1256 2045 1304 Poterat
2085 1269 2228 1304 tamen
2260 1261 2358 1320 jam.
2379 1263 2433 1307 ab

225 1325 409 1387 Heyuio
435 1328 630 1383 discere,
660 1327 700 1371 ei
730 1327 935 1379 lectioni,
969 1344 1077 1386 quae
1107 1329 1231 1372 nobis
1262 1329 1305 1371 in
1339 1330 1460 1372 codd.
1492 1328 1632 1371 Vratt.
1673 1330 1732 1371 A.
1762 1344 1802 1371 a.
1834 1328 1870 1371 b.
1907 1336 1949 1371 et
1981 1326 2029 1371 in
2060 1328 2160 1389 edd.
2181 1327 2302 1380 Elor.
2331 1329 2434 1376 Ald.

227 1395 271 1444 1.
299 1406 471 1441 servata
502 1406 592 1451 est,
635 1398 930 1452 βουλεύσωσ’
962 1396 1122 1456 opponi
1154 1397 1486 1442 Aristarcbiam.
1544 1396 1689 1454 Atque
1730 1397 1843 1440 aoris
1839 1407 1915 1440 tus
1955 1397 2249 1461 conjunogivi,
2298 1400 2434 1458 futuri

226 1464 370 1510 exacti
404 1480 584 1509 munere
627 1463 669 1508 b.
723 1465 749 1509 l.
785 1466 989 1523 fungens,
1032 1477 1095 1509 est
1124 1467 1253 1525 paulo
1296 1466 1450 1526 aptior.
1512 1465 1684 1526 Quare
1697 1467 1988 1521 βουλεύσωό
2024 1467 2313 1513 reducendum
2328 1486 2434 1518 esse

222 1548 392 1580 censeo
433 1561 488 1567 —
542 1533 667 1577 Licet
705 1535 865 1578 αὐτῶν
907 1544 946 1577 et
986 1535 1186 1593 plurimis
1231 1545 1272 1581 et
1327 1535 1501 1595 optimis
1552 1534 1677 1579 libris
1732 1534 2078 1593 commendetur,
2128 1553 2227 1581 cum
2280 1537 2438 1596 geniti-

224 1618 308 1647 vus
363 1601 586 1661 displiceat
641 1617 929 1661 magnopere,
997 1606 1156 1649 αὐτοῖς
1211 1621 1268 1647 ex
1323 1604 1449 1649 Vrat.
1497 1620 1520 1646 c
1592 1602 1713 1662 Lips.
1764 1605 1873 1661 (qm
1919 1603 1964 1646 in
2017 1587 2114 1649 cod.
2162 1607 2438 1668 αὑτοῐςμμ-

225 1671 443 1732 perscrq)
498 1668 831 1715 Flor.Al‹1.1
874 1671 1185 1729 restituendum
1229 1689 1319 1716 essa
1362 1673 1562 1716 arbitror.
1637 1671 1972 1715 xide11.V1.
2022 1672 2107 1717 462
2163 1678 2235 1717 σοὶ
2290 1672 2339 1717 δ’
2376 1675 2442 1719 αὖ

226 1741 346 1796 νέον
392 1740 576 1784 ἔσσεται
633 1740 785 1796 ἄλγος.
839 1738 925 1783 IX.
967 1739 1055 1783 249
1105 1741 1236 1798 αὐτῳ
1287 1757 1357 1785 τοι
1405 1742 1644 1795 μετόπισθ’
1686 1740 1800 1795 ἄχος
1852 1739 2047 1785 ἔσσεται.
2090 1741 2175 1785 415
2226 1743 2303 1788 ἐπὶ
2357 1745 2435 1797 δη-

223 1809 312 1865 ρὸν
356 1811 404 1853 δέ
446 1825 527 1864 μοι
567 1811 689 1852 αἰών
732 1809 926 1853 ἔσσεται.
987 1808 1049 1853 Χ.
1093 1811 1180 1854 213
1219 1813 1298 1853 nai
1336 1813 1379 1854 οἱ
1421 1812 1548 1854 δόσις
1601 1810 1782 1853 ἔσσεται
1827 1810 1986 1860 ἒσὲλη.
2035 1808 2188 1853 XVII.
2247 1813 2333 1855 232
2386 1815 2437 1856 τὸ

228 1881 278 1922 δέ
326 1881 369 1920 οὶ
412 1880 546 1920 κλέος
591 1877 800 1929 ἔσσεται,
854 1876 1000 1920 ὅσσον
1048 1877 1154 1932 ἐμοὶ
1206 1893 1305 1933 περ.
1348 1878 1435 1922 556
1477 1881 1551 1922 σοὶ
1601 1881 1839 1936 κατηφείη
1893 1881 1974 1921 καὶ
2024 1876 2201 1922 ὄνειδος
2244 1877 2438 1925 ἔσσεται.

226 1944 369 1991 Porro
391 1945 444 1990 Il.
476 1945 585 1989 XX.
615 1945 715 1990 349.
746 1944 883 1989 XXI.
913 1946 983 1990 92.
1013 1945 1171 1991 XXII.
1195 1947 1266 1990 54.
1297 1944 1479 1990 XXIII.
1500 1947 1599 1991 342.
1632 1946 1732 1993 411.
1764 1946 1848 1990 od.
1883 1944 1942 1990 II.
1974 1947 2066 1989 136.
2104 1946 2198 1990 193.
2231 1946 2313 1991 VI.
2335 1950 2436 1995 277.

226 2003 315 2059 XI.
345 2012 447 2058 444.
477 2012 606 2058 XVI.
635 2014 707 2058 87.
738 2012 897 2058 XXII.
928 2015 1025 2060 345.
1056 2014 1238 2059 XXIII.
1269 2016 1371 2059 257.
1407 2013 1590 2058 XXIV.
1619 2016 1690 2059 93.
1752 2013 1906 2059 Sicubi
1935 2030 2039 2057 vero
2070 2013 2286 2068 genitivus
2315 2033 2439 2077 repe-

226 2083 363 2137 ritur,
403 2081 658 2141 *objectivua
686 2090 773 2136 est,
832 2097 970 2140 neque
1000 2083 1234 2141 quidquam
1260 2084 1313 2128 ad
1344 2081 1504 2125 αὐτῶν
1533 2083 1737 2126 tuendum
1766 2082 1946 2127 confert.
2011 2080 2173 2126 Confer
2215 2082 2266 2128 Il.
2304 2084 2437 2131 XIV.

227 2152 329 2196 368.
372 2150 459 2194 Od.
488 2148 524 2194 1.
555 2149 626 2192 40.

431 2241 529 2286 349,
594 2239 802 2296 Comma,
858 2241 969 2299 quod
1015 2255 1103 2283 non
1143 2241 1281 2284 solum
1326 2241 1370 2283 in
1413 2238 1673 2282 editionibus
1703 2238 1903 2284 omnibus
1927 2248 2031 2285 aute
2061 2240 2305 2295 VVolflunh
2362 2245 2435 2288 sed

228 2312 357 2355 etiam
386 2312 433 2355 in
465 2312 561 2356 cod.
590 2309 708 2353 Veu.
731 2320 773 2352 et
803 2310 850 2353 in
883 2310 1030 2353 [emm.
1064 2306 1405 2352 Scholiastarum
1434 2305 1515 2350 BL
1561 2317 1654 2365 post
1681 2309 1920 2364 γνώμεναι
1957 2307 2186 2365 vidimus,
2244 2327 2438 2356 necessa-

227 2381 340 2425 rium
372 2382 524 2440 plane,
568 2396 591 2424 a
625 2378 794 2423 Wolfio
828 2389 971 2423 tamen
1004 2377 1218 2430 deletum,
1249 2377 1438 2421 restituo.
1493 2375 1600 2432 Qua
1631 2375 1675 2418 in
1709 2393 1755 2419 re
1786 2375 1939 2434 Spitzn
1952 2377 2015 2421 eri
2047 2378 2199 2422 levitas
2234 2383 2438 2437 notanda,

228 2449 536 2494 Thierscbium
566 2449 787 2502 (Gramm.
820 2453 862 2504 S.
894 2450 1009 2501 353,
1054 2449 1095 2489 3.
1124 2462 1166 2505 p.
1196 2447 1306 2503 697)
1335 2460 1429 2489 eam
1468 2445 1859 2504 interpunctionem
1889 2457 2048 2490 recte
2089 2447 2439 2506 divinasse,

228 2518 481 2563 nuntiantis.
542 2519 602 2562 At
640 2516 677 2561 si
720 2519 792 2561 vel
835 2516 1139 2561 Ernestianam
1177 2515 1410 2558 editionem
1456 2513 1710 2573 Spitznerus
1755 2514 2040 2574 inspexisset,
2100 2532 2186 2559 nou
2228 2517 2437 2562 divinitus

229 2587 303 2632 sed
333 2604 390 2630 ex
424 2585 681 2630 editionibus
713 2587 967 2644 vulgaribus
996 2585 1117 2628 illam
1148 2583 1372 2628 scientiam
1402 2583 1712 2628 Tbierschium
1750 2582 1835 2627 sibi
1873 2586 2221 2642 comparavisse,
2264 2585 2439 2628 didicis-

234 2667 312 2701 set.
349 2658 572 2711 γινώσκω
603 2670 707 2698 vero
739 2671 826 2699 non
855 2655 984 2698 modo
1018 2653 1088 2697 hic
1118 2669 1215 2696 cum
1247 2651 1441 2710 genitivo
1470 2651 1758 2708 construitur,
1798 2668 1951 2696 verum
1979 2653 2108 2696 etiam
2139 2651 2188 2696 11.
2224 2650 2302 2697 IV.
2340 2657 2439 2699 357.

230 2726 316 2772 od.
363 2723 544 2769 xxm.
589 2725 686 2766 109.
748 2724 1012 2781 Antiptosim
1045 2722 1192 2778 enim,
1245 2732 1375 2780 quam
1404 2731 1585 2772 vocant,
1643 2731 1767 2780 poeta
1799 2721 2024 2775 adhibuit,
2080 2719 2201 2764 cuius
2237 2723 2438 2782 exempla

227 2794 341 2839 baud
387 2809 486 2836 rara
529 2792 641 2851 apud
684 2791 940 2836 Homerum.
1014 2790 1129 2834 Vide
1169 2785 1222 2834 Il.
1268 2786 1325 2836 II.
1367 2788 1466 2835 409.
1513 2787 1628 2834 XX.
1673 2791 1759 2833 310
1801 2806 1889 2848 seq.
1952 2789 2041 2835 Od.
2073 2788 2207 2834 XIX.
2238 2791 2325 2834 218
2351 2805 2438 2850 seq.

227 2860 384 2909 Mattb.
414 2861 612 2908 Gramm.
657 2863 698 2916 S.
728 2861 830 2906 296.
870 2887 925 2895 —-
970 2859 1119 2919 Vulgo
1159 2861 1214 2916 ἠὲ
1258 2863 1339 2904 καὶ
1371 2860 1486 2904 ὀὐκὶ
1518 2859 1690 2918 legitur.
1752 2857 1839 2906 Sed
1866 2875 1966 2904 cum
1999 2858 2104 2903 baec
2134 2860 2441 2916 particularum

227 2932 447 2979 connexio
476 2937 564 2978 εἴτε
665 2966 674 2976 .
694 2931 725 2989 ἦ
742 2965 752 2983 ,
794 2931 862 2976 vel
893 2945 971 2989 per
1001 2945 1046 2974 se
1077 2929 1403 2991 vituperabilis,
1446 2928 1566 2973 nullo
1594 2928 1681 2973 alio
1710 2928 1806 2974 loco
1835 2927 2008 2981 redeat,
2052 2926 2136 2972 boc
2174 2939 2317 2972 autem
2345 2929 2439 2975 loco
