2658 3197
492 79 549 148 Ο
999 108 1606 157 ---21·-—-

217 257 317 296 t*
342 247 422 293 Ill.
455 249 543 295 9⁵8
569 249 692 294 varia
720 247 848 291 lectio
876 246 1111 304 ἀρίδηλον
1129 245 1409 302 inveniatur,
1463 258 1587 306 atque
1618 249 1746 293 etiam
1785 249 1893 294 alias
1922 248 2194 297 Zenodotum
2224 252 2411 312 Apollo-

249 314 273 328 ‘⁴
632 319 799 372 ίξηλον
821 326 911 360 tum
928 332 986 361 ex
1007 314 1193 360 Homeri
1211 325 1305 360 tum
1323 331 1381 360 ex
1396 315 1620 375 Apollonii
1641 317 1906 362 carminibus
1933 319 2212 376 relegandum
2236 337 2407 367 censeo.

215 332 315 363 mus
330 335 375 363 se
405 329 476 364 uat

310 415 339 434 ,ι
377 335 402 377 q
420 310 725 449 &⁶⁹⁹1
769 385 1002 429 Veterum
1015 384 1326 440 mag-istrorum
1351 385 1543 442 plerique
1570 401 1719 429 omnes
1746 386 1895 430 ἅνεως
1923 387 2185 448 adjectivum
2216 389 2407 434 declina-

213 454 345 498 tionis
371 454 543 503 Atticae
568 469 660 498 esse
688 463 942 508 statuerunt,
970 468 1050 511 pro
1077 452 1236 504 ἄναος,
1263 451 1454 506 ἄναυος,
1495 454 1606 510 quod
1637 463 1702 497 est
1735 454 1991 511 elinguis,
2020 457 2403 501 obmutescens.

215 520 379 566 Confer
407 520 572 566 Scholl.
603 519 788 565 ABDL.
821 520 1042 579 Apellen.
1057 519 1110 563 de
1138 519 1314 565 adverb.
1347 537 1391 580 p.
1408 522 1495 565 554
1524 538 1609 578 seq.
1656 521 1889 581 Etym.-M.
1917 540 1958 582 Ρ.
1978 525 2076 578 105,
2109 522 2405 584 lanesych.

213 588 249 634 I.
278 606 318 650 p.
351 592 449 647 373.
510 586 645 633 Cuius
689 587 890 650 adjectivi
930 586 1142 646 pluralem
1170 587 1374 632 omnibus
1402 589 1493 633 fere
1518 589 1623 633 locis
1650 589 1831 647 reperiri
1862 590 1986 643 (vide
2015 602 2184 651 praeter
2213 590 2406 638 h.l.11.

213 657 295 703 111.
316 656 406 702 84
419 656 503 705 lX.
534 659 604 705 30.
626 657 724 703 695.
756 657 840 703 Od.
867 654 924 701 11.
955 654 1057 703 240.
1088 654 1190 700 Vll.
1222 654 1321 700 144.
1349 655 1413 700 X.
1442 656 1524 713 71)
1555 655 1806 700 adverbium
1834 675 1922 702 uno
1952 659 2048 703 loco
2078 658 2193 718 (Od.
2224 656 2406 705 XXIII.

212 726 270 771 93
298 726 328 783 ἦ
361 727 396 769 δ’
427 725 554 771 ἄνεω
586 727 677 784 δήν
706 725 859 785 ἧστο).
892 707 976 769 Cui
1006 717 1150 769 tamen
1180 724 1386 769 adverbio
1418 724 1501 769 Od.
1533 723 1588 767 11.
1619 723 1706 767 240
1736 724 1936 769 ἅπαντες
1965 727 2067 781 ἦσθ’
2098 727 2226 784 ἄνεῳ
2251 727 2408 772 adver-

212 805 343 840 satur.
415 795 709 853 Quamobrem
749 794 1035 839 Thierscbius
1077 794 1297 853 (Gramm.
1338 793 1526 848 §.184,
1566 792 1622 837 18
1661 799 1787 844 ann.)
1827 792 1914 838 Od.
1955 794 2222 842 ΧΧ111.93
2251 795 2406 841 cirson

211 859 442 919 legendnm
468 875 624 909 censet.
685 862 957 917 Contrariam
988 864 1093 907 vero
1118 861 1234 906 viam
1275 862 1494 921 ingressus
1524 861 1815 905 Buttmannus
1846 860 2015 914 (Lexil.
2046 863 2102 907 ll.
2132 881 2174 922 Ρ.
2205 868 2226 908 1
2259 867 2404 925 seqq.)

211 931 468 992 adjectivum
500 931 650 977 ἄνετος
674 947 764 976 esse
792 941 918 986 negat
947 940 1074 987 atque
1103 931 1261 988 ubique
1288 932 1413 973 ἄνεω
1434 930 1707 973 scribendum
1741 940 1782 973 et
1812 946 1890 987 pro
1921 931 2127 975 adverbio
2155 934 2398 979 ducendum

208 1016 299 1043 esse
318 1000 541 1058 'opinatum
600 1000 736 1043 Hunc>
768 1000 959 1057 sequitur
1001 997 1281 1057 Spitznerus,
1327 998 1401 1056 qui
1441 998 1619 1056 insuper
1647 1007 1871 1041 accentum
1900 999 2112 1055 mutavit,
2144 999 2203 1043 nil
2233 1001 2398 1046 monito

208 1069 378 1117 lectore.
438 1068 622 1128 Scripsit
652 1067 768 1112 enim
796 1067 954 1124 ubique
984 1066 1135 1109 α’νέω.
1194 1068 1255 1109 At
1292 1066 1448 1118 ἄνεω,
1502 1082 1557 1108 ne
1601 1066 1740 1108 dicam
1771 1066 1923 1116 ἀνὲω,
1982 1068 2114 1110 scribi
2156 1085 2242 1112 non
2285 1072 2401 1126 licet,

206 1136 408 1195 quoniam
448 1137 531 1181 hoc
556 1137 811 1183 adverbium
847 1152 926 1180 nec
955 1136 1169 1190 originem
1199 1137 1326 1179 habet
1357 1136 1479 1192 (sunt
1503 1150 1609 1177 vero
1639 1133 1849 1192 adjectiva
1878 1134 1925 1177 in
1955 1151 1994 1178 ω
2018 1135 2267 1195 derivata),
2320 1155 2400 1183 nec

206 1205 466 1261 analogiam.
526 1204 692 1258 Confer
732 1204 961 1248 Tbiersch.
1005 1205 1035 1258 l.
1066 1220 1101 1249 c.
1134 1204 1421 1247 Buttmannus
1452 1204 1609 1261 pendet
1652 1202 1815 1258 animi,
1865 1212 1907 1247 et
1942 1202 2176 1260 quamlibet
2218 1206 2403 1251 admittit

206 1273 538 1330 derivationem,
567 1273 798 1315 dummodo
827 1271 1080 1316 adverbium
1104 1271 1363 1316 admittatur.
1428 1271 1606 1315 Veteres
1635 1281 1777 1314 autem
1808 1271 1937 1314 ἄνεω
1965 1273 2021 1314 ab
2052 1273 2264 1331 adjectivo
2294 1276 2398 1318 ἆνε-

206 1355 268 1384 ως
298 1342 537 1396 deducunt,
567 1356 654 1384 non
687 1349 931 1399 reputantes
961 1354 1019 1380 ex
1047 1339 1270 1398 adjectivis
1295 1339 1346 1380 ‘in
1377 1351 1442 1381 ως
1470 1340 1672 1382 adverbia
1705 1340 1750 1381 in
1782 1356 1822 1381 ω
1853 1355 1939 1381 non
1972 1341 2245 1385 descendere.
2306 1344 2398 1388 Ac-

204 1410 315 1453 cedit
341 1411 566 1469 Apollonii
597 1410 756 1452 Rhodii
780 1407 1025 1458 auctoritas,
1057 1406 1128 1463 qui
1158 1424 1256 1450 cum
1285 1407 1412 1464 ἄνεῳ
1442 1411 1521 1451 καὶ
1552 1406 1754 1451 ἄναυδοι
1777 1406 1883 1467 (111.
1911 1408 2012 1452 503.
2041 1409 2142 1453 967.
2172 1409 2251 1457 IV
2284 1412 2396 1473 693)

204 1479 507 1538 conjunxerit,
540 1478 669 1522 band
681 1476 809 1521 dubie
839 1474 1100 1534 adjectivum
1129 1474 1279 1520 ὅψεως
1311 1491 1401 1521 esse
1428 1476 1607 1520 censuit.
1667 1475 1817 1521 Placet
1840 1475 1976 1533 igitur
2004 1476 2254 1521 Thierscbii
2272 1481 2396 1527 ratio.

237 1568 244 1575 ·
279 1564 297 1579 ⁴-
405 1547 507 1593 328.
564 1544 768 1606 Heynius
795 1548 1034 1588 τοσσαῦται
1069 1548 1191 1597 ρὲτεα
1220 1545 1451 1601 legendum
1481 1556 1593 1587 recte
1623 1546 1831 1604 conjecit,
1877 1548 2002 1598 ςὲτεα
2036 1546 2152 1588 enim
2184 1563 2261 1603 per
2286 1566 2396 1608 syn-

199 1577 474 1673 ecpbonesim
520 1613 721 1673 bisyllabi
763 1628 1009 1656 mensuram
1051 1614 1191 1656 babet.
1262 1612 1427 1656 Confer
1468 1612 1719 1656 Thierscbii
1766 1613 1961 1657 Gramm.
2004 1617 2042 1666 §.
2075 1615 2186 1670 192,
2227 1618 2317 1672 31,
2354 1634 2391 1662 c.

201 1681 271 1725 De
298 1682 515 1737 digamma
543 1697 650 1724 vero
682 1680 807 1723 huius
838 1680 985 1736 vocis,
1040 1681 1161 1723 cuins
1194 1680 1436 1724 testimonia
1469 1679 1597 1724 etiam
1629 1691 1753 1724 extra
1784 1681 1976 1725 carmina
2006 1647 2238 1727 Homerica
2269 1700 2394 1745 repe-

200 1750 400 1806 riuntur,
430 1749 528 1793 vide
556 1748 784 1793 Tbierscb.
816 1747 1007 1792 Gramm.
1043 1753 1082 1802 §.
1121 1750 1202 1793 153
1220 1781 1233 1802 ‚
1262 1749 1330 1794 34.

403 1819 521 1861 330.’
561 1818 674 1859 Ante
707 1815 923 1860 Wolfium
954 1817 1025 1861 bic
1053 1828 1093 1862 et
1128 1816 1176 1861 ll.
1207 1815 1335 1860 XlV.
1359 1815 1416 1859 48
1446 1825 1486 1859 et
1517 1815 1601 1862 Od.
1630 1815 1807 1861 XVlss.
1829 1818 1911 1861 271
1944 1822 2098 1864 κεῖνός
2125 1821 2166 1864 θ’
2195 1821 2254 1864 ὥς
2282 1822 2394 1880 ἀγό-

198 1902 306 1941 ρευε
336 1886 469 1942 vulgo
499 1885 655 1930 lectum
685 1894 775 1938 est,
825 1899 875 1928 ac
917 1886 1110 1929 maxima
1151 1901 1254 1929 sane
1282 1885 1436 1939 gaudet
1472 1884 1682 1927 librorum
1713 1885 1978 1931 auctoritate.
2040 1887 2152 1930 Nam
2184 1890 2264 1931 hoc
2293 1891 2391 1936 loco

198 1970 346 1999 omnes
377 1964 416 1997 et
449 1952 787 1997 Scholiastarum
817 1952 1017 1996 lemmata
1046 1954 1093 1996 iu
1124 1955 1273 1996 κεῖνός
1303 1954 1341 1997 9'
1370 1953 1432 1996 ὣς
1461 1954 1759 2008 consentiunt,
1790 1965 1831 1996 et
1860 1955 2054 2012 suspicor
2083 1956 2209 1998 etiam
2241 1956 2393 2017 Odys-

198 2039 294 2067 seae
321 2024 427 2066 loco.
471 2021 624 2064 Tertio
652 2031 793 2064 autem
823 2021 917 2063 loco
939 2031 1052 2064 certe
1069 2022 1260 2079 plurimi.
1308 2021 1433 2065 Adde
1463 2021 1612 2079 Etym.
1640 2020 1702 2064 M.
1730 2038 1771 2079 p
1798 2023 1897 2076 508,
1926 2023 1984 2065 26
2047 2021 2199 2066 Eidem
2220 2024 2395 2069 lectioni

201 2092 475 2137 Herodianus
508 2089 799 2156 patrocinatus
836 2106 927 2134 esse
955 2089 1122 2134 dicitur.
1187 2089 1463 2149 Quapropter
1495 2088 1724 2149 Spitznero
1752 2090 1794 2133 id
1825 2090 2048 2148 reponenti
2080 2104 2166 2133 non
2195 2092 2394 2150 refraga-

196 2179 283 2215 rer,
315 2160 398 2205 nisi
428 2158 614 2218 suspicio
625 2144 765 2213 abisei,
794 2160 898 2211 τώς,
922 2158 1042 2235 quod
1072 2156 1123 2202 ll.
1152 2157 1284 2203 XIV.
1310 2159 1368 2204 48
1396 2159 1518 2203 codd.
1552 2158 1664 2203 Ven.
1696 2157 1814 2217 Lips.
1858 2157 1986 2203 Harl.
2019 2159 2133 2203 Mori
2164 2171 2206 2204 et
2237 2159 2389 2207 Scbol.

197 2232 238 2274 Α
269 2230 313 2273 iu
346 2229 544 2271 lemmate
573 2227 791 2280 offerunt,
834 2227 888 2268 ab
918 2226 972 2268 iis
1004 2237 1212 2269 mutatum
1242 2243 1361 2282 esse,
1404 2227 1478 2284 qui
1508 2243 1607 2269 cum
1639 2227 1874 2305 Apollonio
1902 2228 1954 2270 de
1984 2229 2082 2271 adv.
2115 2245 2157 2285 p.
2184 2231 2303 2285 582,
2336 2234 2393 2276 17

198 2310 238 2341 et
269 2296 490 2341 Sch01.A
520 2294 573 2337 ad
602 2293 731 2337 XlV.
771 2293 830 2336 48
856 2295 944 2336 τώς
974 2304 1192 2350 negarent
1209 2294 1351 2339 locum
1383 2296 1567 2348 habere,
1611 2293 1693 2336 nisi
1725 2294 1785 2337 ὡς
1814 2295 2102 2352 responderet.
2165 2296 2293 2353 Quae
2323 2316 2393 2344 re-

193 2368 293 2421 gula
333 2364 417 2409 Od.
459 2362 594 2405 XlX.
634 2361 719 2406 234
758 2361 983 2405 refellitur.
1057 2360 1353 2417 Quamobrem
1392 2362 1604 2407 VVolfium
1646 2375 1733 2405 τως
1775 2372 1888 2405 recte
1930 2363 2185 2421 praetulisse
2225 2367 2383 2426 judico.

196 2433 288 2477 Alii
316 2434 352 2490 γ’
389 2431 449 2475 ὣς
476 2431 699 2486 legerunt,
728 2428 774 2471 in
804 2428 959 2485 quibus
986 2426 1259 2472 Ptolemaeus
1288 2428 1537 2472 Ascalonita
1568 2428 1699 2470 fuisse
1729 2411 1913 2471 videtur.
1958 2430 2078 2483 Quid
2113 2433 2257 2475 Arista
2264 2437 2390 2479 rebus

194 2490 370 2558 legerit,
400 2500 622 2542 incertum.
683 2497 798 2540 Nam
829 2494 975 2540 Scbol.
1002 2495 1062 2538 A.
1092 2497 1181 2539 τὼς
1212 2495 1466 2540 Aristarcho
1497 2494 1662 2549 tribuit,
1692 2493 1853 2539 Scholl.
1884 2495 2026 2543 BLV.
2057 2500 2098 2544 θ’
2134 2500 2206 2553 ὤς
2240 2501 2387 2561 Etym.

194 2570 256 2614 M.
290 2586 331 2627 Ρ.
362 2568 475 2621 508,
506 2567 562 2609 27
589 2565 726 2609 ruod.
1027 2597 1031 2608 ,

256 2681 261 2699 -.
394 2636 495 2680 332.
554 2631 757 2694 Heynius
786 2634 937 2676 εἰσόκε
971 2634 1109 2686 ςάστυ
1152 2631 1379 2676 scribendo
1416 2631 1546 2679 facile
1575 2630 1795 2686 digamma
1826 2632 2023 2675 restituit.
2086 2631 2135 2675 In
2167 2635 2251 2677 fine
2282 2652 2386 2680 vero

192 2719 342 2750 versus
370 2702 599 2762 Bentlejus,
622 2701 739 2744 hiatu
769 2702 959 2743 offensus
986 2700 1119 2756 ἁλῴη
1150 2699 1396 2758 proposuit,
1454 2710 1568 2743 certe
1597 2699 1730 2756 ἁλώῃ
1761 2700 1956 2744 debebat.
2016 2700 2074 2743 At
2102 2701 2222 2745 ἑλεῖν
2252 2703 2297 2747 in
2327 2703 2385 2752 iia

192 2773 338 2821 verbis
368 2781 457 2827 est,
507 2786 615 2827 quae
644 2770 859 2826 digamma
892 2768 1021 2812 modo
1050 2768 1262 2821 retinent,
1319 2768 1448 2812 modo
1474 2767 1697 2829 abjiciunt.
1757 2769 1903 2826 Atque
1932 2767 2085 2825 abjecti
2115 2768 2287 2826 quidem
2317 2771 2386 2817 di-

194 2856 366 2897 gamma
393 2838 620 2899 exempb,
651 2853 738 2883 non
768 2846 858 2893 est,
888 2836 1002 2895 quod
1027 2835 1228 2895 colligam
1303 2834 1480 2883 Servati
1509 2852 1614 2882 vero
1645 2837 1749 2881 baec
1777 2837 1823 2880 in
1850 2845 2051 2894 promptu
2081 2848 2180 2881 sunt
2195 2853 2211 2882 z·
2241 2837 2297 2884 11.
2325 2841 2389 2887 V.
