2658 3197
484 82 524 118 ᾖ
984 91 1595 141 *23*—

193 229 385 280 odim
391 229 506 276 Veu.
534 229 716 276 Barocc.
750 229 865 273 Mori
892 245 918 274 a
948 245 1013 289 pr.
1042 245 1102 276 m.
1130 229 1260 276 Cant.
1289 227 1429 272 Vratt.
1476 229 1516 272 Ι).
1555 245 1591 273 c.
1622 228 1770 275 Scbol.
1801 230 1860 275 A.
1896 245 1967 290 ap.
2002 230 2173 276 Vincis.
2202 231 2389 293 Interpr.

195 315 266 360 ap.
292 298 598 357 Bekkenffpd.
630 298 748 344 Flor.
781 302 868 343 εἴτε
891 315 970 360 pro
1001 299 1054 354 ἠὲ
1075 301 1284 352 offerant,
1316 306 1441 355 atque
1472 302 1585 342 εἴτε.
1657 304 1768 343 ,εἴτε
1797 300 1954 344 usitata
1984 296 2178 343 Homero
2204 301 2259 344 sit
2282 318 2389 345 con-

194 368 337 416 nexio:
355 368 435 428 (ΙΙ.
464 367 624 433 Βῷ5.
645 358 755 412 XII.
785 369 870 412 239
898 384 1011 425 seqq.
1055 367 1157 412 od.
1174 365 1268 410 III.
1286 367 1369 420 903
1420 366 1548 410 etiam
1580 333 1637 412 ΙΙ.
1663 367 1749 412 XI.
1780 368 1866 412 410
1895 372 2009 412 εἴτε.
2076 372 2190 412 ,εἴτε
2222 386 2280 414 ex
2309 372 2388 415 bo·

193 436 410 485 nis-‘amris
437 435 744 482 restituendum
772 438 885 494 est),
927 452 1015 490 nou
1044 445 1108 480 est
1135 435 1342 492 dubium,
1384 435 1490 494 quin
1519 437 1600 481 boc
1628 452 1799 496 quoque
1824 438 1917 481 loco
1942 403 2164 482 Homerus
2194 442 2332 482 εἴτε..

194 509 282 550 εἴτε
303 504 486 551 dixerit.
547 501 776 564 Spitzuero
808 515 953 550 tamen
971 504 1107 552 'aliter
1133 504 1282 551 visum
1305 515 1382 549 eat.
1442 505 1726 565 Posteaquam
1757 506 1875 550 enim
1912 504 2107 549 Bekkeri
2141 518 2188 551 et
2226 506 2388 551 Thier·

193 574 302 620 scbii
328 573 623 637 conjecturam
654 572 732 630 ἤτε
766 577 981 628 ψεῦδος..
999 573 1100 629 ..rie
1130 573 1286 617 merito
1316 574 1500 629 refellit,
1541 574 1633 633 ipse
1659 575 1773 619 miro
1803 574 1989 633 quodam
2020 573 2158 618 animi
2185 576 2388 636 compulo

192 643 459 708 stimulatus,
501 643 612 699 quod
642 647 756 686 εἴτε.
794 647 932 686 ..εἴτε
961 607 1043 684 καὶ
1072 644 1178 685 οὐκὶ
1206 643 1326 685 nullo
1355 642 1442 686 alio
1470 642 1654 686 Homeri
1685 645 1884 701 exemplo
1913 643 2098 687 stabiliri
2130 654 2303 703 posset,
2356 644 2387 700 ἧ

190 727 272 754 κεν
301 713 471 762 ψεῦδος
498 677 780 765 ὑπόσχεσις,
802 711 858 765 ἠὲ
885 714 967 756 καὶ
997 711 1102 756 οὐκὶ
1131 709 1362 767 legendum
1390 710 1585 771 conjecit.
1649 710 1709 756 At
1737 725 1834 754 cum
1865 716 2023 755 εἴτε...
2045 717 2158 757 ,εἴτε
2188 711 2386 757 Homero

190 778 408 826 familiare
439 796 530 824 esse
559 779 825 837 viderimus,
854 795 936 826 nec
960 779 1050 825 ulla
1078 778 1134 825 sit
1164 793 1316 835 causa,
1358 794 1436 823 cur
1464 779 1737 836 negationem
1767 779 1897 841 adjici
1926 796 2013 822 non
2043 781 2225 835 licuerit,
2256 792 2385 839 atque

191 864 289 893 cum
316 847 583 908 Sophocles,
629 850 912 907 gravissimus
951 850 1143 909 profecto
1182 848 1358 904 linguae
1392 848 1570 904 arbiter,
1600 849 1701 910 (Aj.
1737 851 1766 893 6
1796 848 1925 892 ὅπως
1951 852 2069 905 ἴδῃς,
2127 852 2196 893 εἰτ’
2229 850 2383 904 ἔνδον,

191 918 264 961 εἴτ’
295 917 384 962 οὐκ
413 919 576 976 ἔνδον)
614 919 864 979 adjunxerit
893 918 1195 975 negationem,
1240 916 1349 960 nibil
1379 916 1511 960 eit-ei
1552 916 1811 974 tribuerim,
1855 918 1968 976 quod
1999 918 2110 976 apud
2141 916 2383 963 Homerum

190 1001 277 1031 non
309 987 443 1032 altero
465 988 561 1032 Ioco
591 988 679 1031 οὐκ
707 988 890 1032 additur.
949 987 1064 1033 Nam
1094 986 1133 1031 si
1162 984 1330 1042 omnia,
1385 1001 1493 1044 quae
1531 987 1664 1030 semel
1701 987 1814 1046 apud
1844 985 2088 1031 Homerum
2128 987 2238 1031 dicta
2265 998 2382 1052 sunt,

189 1063 365 1114 propter
396 1054 439 1099 id
464 1055 634 1113 ipsum,
690 1057 801 1115 quod
828 1058 960 1100 semel
990 1056 1102 1100 dicta
1131 1055 1250 1109 siut,
1292 1054 1453 1112 expelli
1484 1064 1674 1112 oportet,
1722 1071 1852 1113 quam
1889 1055 2042 1109 multa,
2085 1056 2252 1111 hercle,
2282 1067 2382 1100 sunt

191 1123 472 1181 expellenda!
501 1122 619 1179 Quid
650 1125 762 1181 quod
796 1123 1017 1182 Spitzneri
1044 1124 1290 1182 conjectura
1319 1138 1469 1165 sensus
1491 1123 1619 1166 huius
1639 1123 1722 1166 loci
1751 1122 2048 1182 pervertitur?
2077 1121 2236 1167 Nestor
2264 1123 2381 1168 enim

189 1190 226 1235 si
254 1193 517 1247 γνώμεναι,
558 1191 589 1247 ἦ
618 1208 702 1236 κεν
729 1196 900 1246 ψεῦδος
929 1193 1196 1246 ὑπόσχεσις,
1251 1191 1304 1247 ἠὲ
1338 1190 1431 1249 (vel
1461 1190 1603 1249 potius
1633 1191 1690 1248 ἦε
1716 1192 1774 1236 cf.
1806 1207 1904 1237 aun.
1939 1190 1998 1236 II.
2027 1191 2138 1248 232)
2168 1195 2249 1236 καὶ
2276 1193 2380 1236 οὐκὶ

189 1258 374 1315 diceret,
419 1257 543 1306 Iovis
580 1262 837 1320 promissum
867 1263 1137 1313 mendacium
1163 1262 1257 1307 fore
1285 1269 1487 1320 speraret.
1551 1257 1715 1304 Confer
1744 1260 1831 1304 Od.
1862 1259 1895 1303 I.
1923 1261 2024 1303 268.
2057 1260 2140 1303 XI.
2174 1262 2275 1306 493.
2329 1261 2379 1306 11.

190 1325 252 1374 ΙΙ.
278 1329 380 1374 238.
409 1330 508 1374 300.
548 1324 612 1374 Χ.
641 1330 738 1376 445.

391 1399 493 1442 351.
553 1398 682 1455 Quod
706 1398 1049 1459 vulgo-legiturt
1091 1401 1262 1452 νηυσὶν
1291 1398 1371 1442 ἐπ’
1404 1399 1723 1454 ὠκυπόροισιν
1753 1397 1975 1455 ἔβαινον,
2019 1400 2275 1445 vertendum
2304 1411 2380 1445 aut

187 1466 241 1510 in
283 1467 505 1512 navibus
549 1468 719 1525 ibant,
761 1468 839 1513 sie
881 1467 1082 1525 gingen
1122 1467 1216 1511 auf
1249 1467 1343 1510 den
1375 1465 1620 1511 Schiffen
1649 1468 1832 1509 umber
1861 1466 1939 1523 (11.
1967 1467 2050 1514 IV.
2080 1468 2165 1512 443
2190 1469 2382 1526 οὐρανῷ

186 1535 402 1593 ἐστήριξε
432 1539 558 1592 κάρη
588 1541 668 1581 καὶ
698 1539 773 1582 ἐπὶ
803 1540 940 1591 χθονὶ
969 1537 1181 1594 βαίνει),
1211 1545 1281 1578 aut
1312 1536 1371 1579 ad
1403 1552 1558 1579 naves
1589 1535 1736 1578 ibant
1766 1534 1841 1587 (ΙΙ.
1869 1535 2022 1581 XVII.
2053 1538 2138 1581 706
2168 1539 2244 1581 ἐπὶ
2281 1542 2381 1582 Πα-

186 1607 372 1663 τρόκλῳ
411 1608 623 1662 βεβήκει.
684 1606 847 1650 Confer
888 1604 938 1649 11.
983 1604 1068 1649 XI.
1116 1605 1236 1661 460),
1299 1604 1429 1659 Quod
1471 1614 1699 1661 utrumque
1736 1621 1834 1647 cum
1876 1606 1929 1648 ad
1972 1607 2086 1649 hunc
2115 1607 2259 1651 locum
2288 1623 2379 1652 non

189 1675 394 1733 quadret,
443 1675 514 1718 vel
544 1675 788 1733 conjectura
815 1675 1110 1734 reponendum
1140 1683 1272 1727 esset,
1320 1673 1432 1729 quod
1464 1672 1576 1716 Ven'.
1609 1673 1875 1731 suppeditat:
1930 1675 1983 1717 ἐν
2010 1691 2089 1734 pro
2120 1675 2200 1719 ἐπ’.
2259 1673 2377 1722 Nam

187 1746 241 1786 ἐν
269 1747 410 1798 νηυσὶ
440 1747 627 1798 βαίνειν
655 1754 716 1786 est
754 1743 1110 1801 proficisci,
1164 1743 1297 1785 vehi
1337 1741 1594 1785 navibus.
1658 1740 1821 1785 Confer
1842 1741 1892 1785 11.
1922 1742 1980 1785 II.
2016 1744 2109 1787 509.
2140 1745 2240 1788 610.
2270 1746 2375 1794 619.

187 1810 297 1861 XII.
330 1813 400 1859 16.
448 1812 532 1856 Od.
565 1811 623 1856 II.
658 1812 725 1856 18.
747 1813 817 1855 27.
871 1810 952 1855 III.
997 1813 1088 1855 131.
1137 1809 1215 1853 IV.
1248 1810 1345 1852 656.
1406 1807 1537 1853 XIII.
1567 1811 1666 1855 317.
1712 1809 1885 1852 XVIII.
1922 1811 2019 1853 181.
2092 1811 2206 1854 Vide
2243 1828 2376 1871 porro

188 1884 309 1925 ἰέναι
332 1881 384 1924 ἐν
413 1883 555 1935 νηυσὶ
597 1880 680 1925 Od.
712 1878 768 1924 II.
800 1881 901 1926 226.
942 1878 1022 1922 III.
1051 1880 1148 1923 287.
1181 1889 1305 1935 atque
1343 1880 1527 1920 νέεσθαι
1569 1878 1621 1919 ἐν
1665 1882 1806 1931 νηυσὶ
1839 1877 1890 1921 11.
1922 1877 1976 1922 ΙΙ.
2009 1878 2106 1924 453.
2156 1878 2238 1924 III.
2275 1882 2374 1927 159.

188 1948 274 1993 XI.
307 1948 373 1992 14.
404 1947 533 1992 XIV.
562 1950 675 2003 505,
712 1965 796 2006 quo
825 1949 920 1990 loco
947 1949 1036 1990 σὺν
1065 1947 1191 1991 bodie
1220 1946 1406 2003 legitur,
1455 1946 1526 1990 sed
1556 1946 1603 1988 in
1633 1946 1847 1990 Zenodoti
1878 1957 1918 1989 et
1946 1946 2250 2005 Aristophanis
2280 1949 2374 1994 edi-

187 2016 377 2061 tionibus
406 2016 459 2060 ὲν
488 2015 570 2059 fuit

391 2087 493 2131 352.
550 2083 746 2143 W‘olliu‘s
785 2093 934 2127 contra
975 2081 1169 2126 omnium
1207 2081 1418 2127 librorum
1460 2084 1587 2127 fidem
1627 2087 1762 2137 Κῆρα
1800 2082 1966 2142 majore
2003 2082 2126 2125 litera
2157 2085 2372 2129 exaravit.

188 2155 316 2213 Quod
353 2170 481 2213 quam
522 2147 885 2211 ineptefe'oen’t‘,
937 2152 1008 2195 vel
1038 2167 1095 2194 ex
1126 2154 1284 2207 φόνον
1316 2151 1585 2210 perspicitur.
1657 2150 1776 2194 Idem
1820 2161 1963 2193 tamen
1999 2152 2224 2208 permultis
2268 2154 2375 2198 locis

187 2225 356 2269 Wolfio
383 2222 572 2282 placuit:
608 2217 733 2265 neu
773 2220 875 2266 859.
907 2219 989 2263 III.
1019 2221 1059 2265 6.
1092 2222 1163 2263 32.
1193 2221 1278 2263 360
1319 2219 1419 2263 454.
1450 2218 1509 2262 V.
1540 2221 1613 2262 22.
1642 2220 1738 2262 652.
1771 2217 1875 2262 VII.
1900 2219 1997 2263 254.
2032 2218 2118 2265 XI.
2146 2220 2243 2266 360.
2271 2221 2371 2270 443.

186 2296 289 2339 585.
317 2291 444 2337 XIII.
477 2292 580 2336 566.
609 2290 708 2334 596.
738 2288 839 2335 648
868 2289 968 2333 665.
1020 2287 1150 2333 XIV
1185 2288 1286 2332 408.
1317 2287 1416 2333 462.
1474 2287 1604 2333 XVI.
1636 2289 1701 2332 47.
1737 2289 1832 2334 817.
1891 2286 2045 2332 XVII.
2075 2287 2176 2333 714.
2235 2289 2372 2336 XXI.

185 2365 255 2409 66.
283 2360 465 2407 XXIV.
494 2360 564 2405 82.
627 2358 713 2402 od.
744 2356 802 2401 ll.
838 2358 935 2401 165.
963 2358 1065 2401 283.
1112 2356 1187 2400 ΙΙΙ.
1220 2357 1319 2400 410.
1361 2356 1442 2400 IV.
1471 2359 1570 2401 273.
1618 2356 1698 2400 VI.
1734 2359 1796 2399 ll
1847 2355 1971 2399 VIII
2007 2357 2109 2400 513.
2153 2357 2238 2404 XI.
2276 2363 2373 2405 171.

186 2429 421 2476 X11.15⁷.
472 2428 580 2474 XV
610 2429 711 2471 235.
740 2427 841 2473 275.
899 2424 1030 2469 XVI.
1065 2426 1162 2469 169.
1202 2423 1357 2469 XVII.
1388 2425 1456 2468 82.
1503 2423 1659 2471 XXII.
1694 2424 1761 2468 14.
1790 2425 1889 2468 330.
1916 2424 2015 2469 363.
2044 2425 2146 2512 382.
2189 2426 2372 2474 XXIV.

187 2501 285 2544 ¹2⁷
321 2497 490 2612 414356.
550 2563 637 2609 Pro
668 2563 899 2616 στοναχάς
932 2577 980 2606 τε
1007 2561 1062 2611 ad
1100 2559 1156 2605 II.
1189 2562 1248 2606 39
1276 2571 1319 2605 et
1346 2562 1404 2605 95
1434 2564 1663 2615 στεναχάς
1691 2577 1740 2605 τε
1770 2562 2003 2620 legendum
2032 2578 2150 2619 esse,
2194 2565 2372 2609 demon-

185 2646 332 2747 Ql·
390 2703 490 2747 365.
550 2702 752 2760 γνώσεαι
776 2680 1057 2744 vscribendum
1085 2713 1250 2743 censeo.
1312 2697 1478 2744 Confer
1514 2697 1568 2744 Il.
1601 2697 1660 2746 II.
1689 2699 1776 2744 367
1801 2709 1843 2744 et
1865 2699 1954 2745 Od.
1983 2699 2115 2744 XVI.
2145 2702 2243 2745 310.
2301 2701 2385 2747 Ac'

186 2791 242 2820 ne
264 2776 323 2821 de
350 2772 621 2835 correptione
648 2773 886 2817 deterreare
911 2768 1140 2827 (γνώσεαι
1169 2766 1372 2828 ἔπειτα),
1401 2767 1502 2815 vide
1531 2766 1584 2813 11.
1614 2764 1646 2814 I.
1676 2769 1745 2814 15.
1770 2768 1856 2816 374
1880 2771 2070 2825 χρυσέῳ
2099 2768 2195 2812 ἀνὰ
2225 2773 2374 2827 ourin-

186 2860 297 2902 τρῳ.
338 2842 391 2890 II.
421 2841 505 2890 III.
535 2843 635 2890 152.
678 2841 789 2889 Hes.
813 2838 870 2885 Ο.
900 2847 942 2884 et
964 2836 1029 2884 D.
1059 2838 1148 2885 581
1179 2840 1391 2896 δενδρέῳ
1421 2839 1717 2897 ἑφεᾶὀμενοι.
