2658 3197
547 59 605 121 ἵ
1052 92 1662 141 -κ-ιιομ

252 232 360 278 effi·
370 234 567 287 χρόνον
590 244 834 292 sermonem
864 230 1151 277 Homericum
1193 233 1277 277 sibi
1316 233 1532 292 postulare
1580 233 1785 279 affirmat.
1858 232 1907 277 ld
1950 243 2094 279 temen
2140 250 2244 280 cave
2288 236 2449 282 credas.

165 331 170 334 -
254 290 372 345 viae
403 290 638 359 enim
669 298 877 346 v1.295.
909 305 986 346 ΙΧ.
1018 301 1102 345 138
1128 308 1287 356 μεῖναι
1320 304 1516 357 χρόνον,
1565 299 1616 346 ll.
1649 304 1706 346 II.
1735 302 1875 347 292
1852 319 1938 347 ενα
1967 308 2102 388 μῆνα
2131 309 2314 359 μενων
2362 305 2451 351 Od.

255 374 372 416 XIV.
395 369 488 416 244
526 366 661 426 Μῧα
685 367 861 424 ἔμεινα,
892 368 979 414 od
1012 372 1116 416 v11.
1148 370 1235 414 259
1265 370 1480 415 ἑπτάετες
1508 372 1679 426 μένον,
1712 374 1809 415 XV.
1836 369 1937 416 455.
1967 373 2188 417 ἐνιαυτὸν
2219 377 2448 430 μένοντες,

257 443 391 486 Χ[Χ.
402 440 497 486 199
522 441 740 483 δυώδεκα
762 440 912 494 μένον
941 440 1117 496 ἤματα.
1177 438 1347 497 Porro,
1401 456 1499 483 cum
1529 440 1595 483 ἔτι
1624 442 1802 495 χρόνον
1829 456 1920 483 non
1946 456 2043 485 cum
2076 447 2267 497 μείνατε
2299 444 2451 498 solum,

254 509 492 553 sedetiam·
509 523 609 549 cum
638 511 774 562 τλῆτε
800 509 1149 570 conjungendum
1178 511 1262 560 sit,
1319 510 1532 553 Zenodoti
1576 508 1749 552 lectioni
1786 508 2052 567 opitulantur
2089 511 2219 556 etiam
2263 508 2308 555 hi
2339 510 2448 555 loci:

255 578 342 621 Od.
373 576 525 622 1.=288
551 575 617 619 ἔτι
648 580 808 632 τλαίης
837 576 1085 630 ἐνιαυτόν,
1139 586 1179 620 et
1209 583 1268 622 ΙΙ.
1299 578 1387 623 219
1415 576 1480 623 ἔτι
1511 581 1679 634 τλαίην
1709 575 1955 624 ἑνιαυτόν.·
1999 577 2145 638 Atque
2176 588 2222 623 ut
2251 580 2332 624 hoc
2356 580 2453 624 loco

253 649 389 702 τλῆτε
411 648 502 689 ‘aaz
532 645 707 701 μείνατ’
740 643 826 700 ἔτι,
884 644 957 690 ita'
985 643 1039 689 ll.
1082 648 1201 691 XXI.
1233 646 1321 689 608
1350 645 1489 690 ἔτλαν
1518 652 1675 701 μεῖναι
1703 646 1757 689 ἔτ’
1790 645 2022 702 ἀλλήλους
2049 648 2252 691 similiter
2281 649 2451 695 dicitur.

253 714 367 760 Rem
406 714 496 773 jam
538 716 809 759 manifestam
852 715 928 759 alii
968 714 1196 773 scriptores
1238 715 1422 773 insuper*
1455 717 1762 774 comprobant,
1823 715 1869 757 in
1906 716 1973 758 his
2008 717 2141 774 soph.
2185 715 2303 761 Phil.
2339 718 2451 760 1075

254 779 459 842 (Herm.)
504 782 630 837 ὅμως
673 785 722 828 δὲ
768 787 957 838 μείνατε
998 785 1186 836 χρόνον.
1246 782 1409 827 Trach.
1457 784 1512 827 44
1548 788 1663 828 δέκα
1692 789 1849 839 μῆνας
1879 785 2021 838 με’νει.
2083 782 2186 828 Eur.
2215 783 2329 832 Med.
2361 783 2452 829 334

254 850 455 910 (Elmsl.)
483 855 601 906 μίαν
633 867 691 907 με
722 858 882 907 μεῖναι
909 852 1037 907 τήνδ’
1073 851 1218 894 ἔασον
1244 852 1443 907 ἡμέραν.
1478 854 1565 896 367
1594 854 1722 907 τήνδ’
1751 852 1943 909 ἀφῆκεν
1972 853 2159 906 ἡμέραν
2190 859 2345 906 μεῖναί
2374 868 2447 909 με.

253 920 339 965 383
368 921 545 982 ,ιι-γείναθ’
589 920 678 965 οὖν
717 919 807 964 ’ἔτι
851 920 1050 976 σμικρὸν
1077 922 1267 974 χρόνον.
1327 918 1377 964 In
1410 921 1559 965 eadem
1588 921 1761 979 quidem
1793 921 1939 965 labula
1973 937 2017 965 v.
2051 919 2137 964 349
2167 920 2266 965 libri
2294 921 2448 967 videu-

253 998 325 1034 tur
352 992 508 1035 omnes³
540 989 783 1049 praeberet*
828 991 870 1033 εἰ
898 990 1060 1044 μένειν
1089 992 1185 1041 δεῖ,
1227 991 1356 1044 μίμν’
1386 989 1456 1047 ἐφ’
1492 989 1679 1044 ἡμέραν
1710 993 1849 1043 μίαν,
1898 989 1972 1032 sed
2014 998 2127 1032 recte
2157 987 2375 1034 Porsouus
2406 1001 2449 1035 et

255 1054 509 1120 Μᾶγος·
530 1059 592 1104 ἒὲἶ
623 1058 957 1113 substituerunt,
1000 1068 1041 1100 et
1065 1068 1240 1116 propter
1268 1068 1430 1101 ceteros
1447 1089 1461 1113 ,
1509 1075 1615 1116 quos
1647 1058 1790 1113 attuli,
1824 1059 1943 1101 locos
1960 1091 1973 1109 ‚
2005 1068 2046 1100 et
2076 1057 2188 1114 quod
2216 1058 2312 1102 aliis
2338 1074 2445 1116 quo-

252 1133 335 1184 que
355 1128 467 1170 locis
496 1129 618 1171 codd.
646 1126 841 1185 plerique
867 1124 942 1169 ἐπὶ
971 1142 1050 1184 pro
1068 1125 1133 1170 ἔτι
1163 1126 1366 1170 offerunt.
1405 1125 1526 1181 Quos
1556 1127 1673 1170 locos
1704 1126 1741 1171 si
1771 1124 2042 1183 cognovisset
2070 1122 2342 1185 Spitzuerus,
2370 1127 2450 1172 vix

252 1195 478 1240 Zenodoto
506 1193 801 1254 opposuisset:
829 1191 917 1238 od.
943 1198 1063 1239 XIV.
1090 1194 1186 1239 193.
1219 1198 1318 1238 XII.
1349 1194 1448 1238 409.
1482 1201 1576 1239 XX.
1609 1194 1710 1241 494.
1769 1194 1876 1238 Hes.
1908 1193 1994 1251 Op.
2029 1194 2141 1249 324,
2169 1195 2324 1252 quibus
2354 1196 2449 1254 qui-

250 1264 348 1306 dem
377 1264 483 1307 iocis
511 1267 586 1307 ἐπὶ
617 1265 793 1317 χρόνον
819 1261 1034 1320 reperitur
1061 1262 1196 1318 (quod
1226 1261 1309 1304 dici
1340 1279 1465 1320 posse
1499 1263 1594 1319 quis
1629 1264 1800 1320 negabit
1814 1264 1885 1316 2),
1942 1263 2015 1304 sed
2045 1269 2204 1315 μεῖναι
2235 1264 2311 1306 ἐπὶ
2340 1268 2448 1317 χρό-

250 1350 335 1376 νον
363 1339 642 1391 (quamquam
675 1332 755 1376 hoc
785 1330 926 1390 ipsum
949 1327 1203 1390 Spitznerus
1232 1330 1458 1388 affirmat),
1487 1341 1558 1377 aut
1588 1335 1755 1389 τλῆναι
1785 1330 1860 1375 ἐπὶ
1892 1333 2069 1385 χρόνον
2097 1345 2185 1375 non
2215 1332 2445 1393 reperitur.

251 1401 445 1458 Accedit,
476 1401 587 1460 quod
620 1400 828 1445 sententia
859 1399 950 1460 ipsa
982 1399 1110 1444 huius
1141 1400 1224 1443 loci
1256 1399 1518 1445 Zenodotiae
1550 1401 1725 1444 lectioni
1754 1397 1983 1443 admodum
2008 1401 2140 1443 favet.
2200 1401 2315 1445 Nam
2344 1417 2444 1446 cum

251 1485 331 1532 per
360 1485 513 1514 novem
545 1470 633 1529 jam
664 1480 799 1513 anuos
831 1468 988 1512 Graeci
1018 1470 1177 1511 bellum
1208 1468 1444 1526 gesserint,
1488 1469 1587 1526 qnid
1619 1470 1759 1528 aptius
1790 1480 1876 1523 est,
1908 1485 2036 1526 quam
2063 1468 2247 1514 Ulixem
2279 1470 2447 1515 dicet-ez

250 1569 283 1597 ‚,
269 1538 580 1593 ,Perseverate
610 1540 794 1581 adhuc
820 1536 1163 1595 aliquamdiu?“
1196 1537 1381 1582 Necesse
1410 1548 1471 1581 est
1502 1537 1639 1594 igitur
1668 1537 1734 1582 ἔτι
1764 1537 2006 1581 reducatur.
2169 1546 2172 1548 “

284 1607 327 1624 '²
455 1609 555 1652 302.
615 1607 887 1651 Zenodotum
913 1609 1150 1663 μάρτυρες
1177 1622 1256 1666 pro
1286 1610 1521 1664 μάρτυροι
1554 1609 1595 1651 h.
1628 1608 1657 1652 Ι.
1688 1617 1813 1665 atque
1854 1605 1903 1652 ll.
1940 1613 2020 1652 ΙΙΙ.
2048 1608 2148 1652 280.
2192 1613 2312 1652 XIV.
2343 1608 2442 1653 274.

251 1682 397 1720 XXII.
425 1677 513 1718 255
543 1675 698 1731 legisse
729 1672 892 1719 Scholl.
923 1675 1047 1719 ABL
1076 1676 1260 1719 tradunt.
1327 1676 1474 1733 ltaque
1502 1677 1684 1719 eundem
1716 1676 1765 1721 ll.
1797 1683 1833 1720 1.
1868 1676 1955 1719 338
1986 1676 2085 1718 item
2119 1680 2357 1731 μάρτυρες
2382 1679 2445 1722 le-

250 1745 366 1802 gisse
393 1742 772 1800 verisimillimum.
844 1740 1457 1800 obloquuntur·scholiastae
1498 1742 1723 1786 Zenodoto
1764 1745 2082 1797 ἐπιμάρτυρος
2118 1756 2157 1788 et
2202 1748 2446 1800 μάρτυρος

252 1821 528 1871 opponentes.
588 1809 786 1866 Quorum
829 1822 979 1854 neutro
1016 1811 1265 1854 Zenodotus
1294 1811 1578 1855 convincitur.
1639 1810 1752 1855 Nam
1782 1826 1879 1854 cum
1911 1813 2011 1855 υἱὸς
2039 1822 2078 1855 et
2109 1815 2228 1866 υἷες,
2258 1815 2445 1869 ἀρνειὸς

251 1891 295 1925 et
321 1880 484 1935 ἄρνες,
529 1878 719 1933 ἡνίοχος
746 1889 787 1923 et
818 1879 1033 1934 ἡνιοχῆες
1051 1912 1061 1932 ,
1091 1880 1277 1934 ἐρίηρος
1307 1889 1347 1923 et
1376 1880 1555 1934 ἐρίηρες
1586 1879 1852 1932 dicerentur,
1895 1879 1996 1937 quid
2026 1880 2209 1935 obstitit,
2247 1896 2332 1938 quo
2360 1882 2446 1925 mi-

252 1965 333 1993 nus
373 1948 502 1992 etiam
546 1950 788 2003 μάρτυρος
817 1957 858 1991 et
887 1948 1126 2002 μάρτυρες
1154 1947 1398 1992 diceretur?
1454 1949 1522 1992 Ac
1549 1950 1842 2004 suffragamur
1871 1948 2095 1993 Zenodoto
2125 1950 2444 2007 antiquissimo-

250 2033 348 2062 rum
377 2025 600 2075 poetarum
630 2016 888 2061 testimonia.
949 2015 1065 2059 Vide
1109 2016 1224 2058 enim
1267 2015 1401 2060 Hom.
1442 2018 1482 2059 h.
1523 2016 1567 2059 in
1613 2016 1743 2062 Merc.
1782 2019 1867 2059 372
1889 2019 2144 2071 μάρτυρας.
2205 2017 2335 2058 Pind.
2367 2018 2443 2059 Ol.

251 2093 288 2134 1.
318 2087 386 2132 34.
422 2087 711 2150 μαρτυρες.μὶ
731 2083 858 2130 Nem.
891 2090 974 2130 111.
1003 2085 1062 2128 22
1092 2086 1349 2140 μάρτυρας.
1408 2086 1563 2127 Aesch.
1610 2084 1736 2128 Eum.
1765 2085 1850 2128 318
1880 2089 2129 2138 μάρτυρες.
2189 2084 2315 2140 Quae
2345 2100 2445 2129 cum

252 2156 310 2198 ita
341 2155 451 2208 sint,
504 2147 743 2196 zenodotius
773 2154 899 2197 lectio
929 2170 1031 2198 vera
1066 2165 1105 2198 et
1133 2153 1319 2209 genuina
1351 2153 1519 2197 videtur
1547 2170 1666 2208 esse,
1712 2153 1883 2209 vulgata
1924 2162 2065 2196 autem
2096 2169 2153 2197 ex
2185 2168 2335 2197 errore
2366 2153 2444 2198 illo

254 2220 635 2280 grammaticorum
664 2220 877 2278 originem
907 2222 1108 2266 traxisse.
1180 2235 1189 2239 “

443 2288 558 2335 314.
618 2289 766 2347 Vulgo
795 2295 1074 2347 τετριγωτας
1083 2323 1092 2343 ,
1123 2291 1169 2333 in
1202 2291 1323 2333 codd.
1354 2289 1480 2333 Cant.
1501 2288 1641 2332 Vratt.
1678 2290 1718 2330 b.
1750 2304 1787 2331 c.
1823 2286 1878 2330 Α.
1911 2288 1976 2330 ed.
2008 2287 2124 2331 Flor.
2156 2304 2327 2345 rsrpvy
2330 2295 2451 2333 ωτας

253 2360 425 2421 legitur.
484 2358 642 2417 Aptius
679 2360 918 2416 complures
958 2369 1152 2401 veterum
1195 2359 1274 2410 (cf.
1315 2357 1474 2402 Scholl.
1520 2357 1609 2399 AV
1652 2357 1704 2399 ad
1737 2362 1814 2400 IV.
1845 2356 1978 2409 412),
2023 2355 2069 2399 iu
2101 2355 2167 2400 his
2197 2356 2447 2401 Zenodotus

255 2427 424 2482 (Schol.
456 2426 497 2471 A
526 2437 565 2470 et
597 2425 789 2470 Eustatb.
826 2444 868 2486 p.
898 2427 1010 2481 229,
1069 2427 1149 2479 22)
1192 2429 1449 2477 τιτίξοντας
1482 2426 1690 2482 legerunt.
1750 2422 2026 2483 Pipilant
2064 2423 2184 2468 enim
2217 2425 2447 2484 passerculi

255 2498 385 2542 etiam
413 2492 690 2551 moribundi,
749 2512 835 2540 uon
879 2494 1148 2540 stridunt
1187 2504 1232 2538 ut
1254 2503 1427 2554 spectra
1458 2502 1498 2536 et
1526 2492 1851 2553 vespertiliones
1892 2493 2302 2546 (n.xx111.101.
2359 2494 2446 2536 Od.

253 2569 416 2612 XXIV.
447 2565 476 2610 5
506 2569 647 2624 seqq.)
665 2596 677 2620 ‚
723 2573 795 2607 aut
837 2573 883 2607 ut
921 2573 1041 2623 terga
1083 2564 1336 2607 luctantium
1364 2561 1438 2614 (11.
1470 2566 1636 2604 XXIII.
1667 2560 1791 2611 714).
1852 2560 2067 2605 Dissentit
2096 2564 2269 2619 quidem
2300 2561 2444 2606 Schol.

255 2634 324 2679 A:
383 2636 643 2689 Ζηνόδοτος
672 2634 849 2690 γράφει
883 2631 1274 2681 τίτὶξοντας·
1314 2632 1499 2686 εὐτελὴς
1536 2630 1584 2672 δὲ
1618 2629 1647 2683 ἡ
1677 2630 1815 2676 λέξις·
1844 2632 1966 2674 κατὰ
2006 2635 2154 2688 φύσιν
2184 2633 2275 2687 γὰρ
2307 2635 2448 2686 ‹pser-

252 2706 446 2759 γόμενοι
476 2706 520 2747 οἱ
551 2707 733 2747 νεοσσοὶ
761 2704 1041 2754 τιτίξουσιν,
1095 2703 1139 2744 οἱ
1166 2701 1216 2745 δὲ
1243 2700 1597 2754 κατεσθιόμενοι
1627 2700 1899 2753 τρίζουσιν,
1942 2700 2015 2744 sed
2046 2698 2238 2756 argutari
2264 2698 2451 2743 videtur.

257 2773 407 2817 Altera
438 2786 608 2830 quoque
637 2786 684 2816 re
713 2770 888 2828 vulgata
916 2769 963 2814 in
993 2768 1281 2829 suspicionem
1310 2778 1502 2813 vocatur.
1562 2767 1669 2812 Post
1700 2777 1866 2810 mutam
1894 2768 2011 2812 enim
2044 2768 2212 2811 literam
2240 2782 2267 2810 o
2295 2766 2343 2809 in
2372 2765 2451 2810 de-

256 2840 408 2896 rivatis
436 2839 616 2900 perfecti
645 2839 798 2885 formis
827 2853 915 2884 non
942 2837 1196 2899 producitur
1223 2837 1306 2884 nisi
1335 2837 1384 2882 in
1414 2839 1495 2883 hoc
1522 2853 1610 2882 uuo
1654 2841 1951 2895 τετριγῶτας,
2011 2851 2088 2895 pro
2117 2850 2202 2892 qno
2229 2832 2452 2880 Homerus

2107 2913 2133 2954 3
2151 2911 2177 2934 ἢ
