2658 3197
1028 189 1226 229 -—--
1302 175 1644 224 sou-—
2084 156 2144 221 1

218 328 293 364 aut
320 322 590 376 rsrptyctas
619 316 802 364 dixisset
819 345 834 370 ,
887 325 964 359 aut
993 325 1132 366 metro
1159 324 1338 372 cogente
1366 318 1688 370 τετρίγονεας,
1745 325 1793 360 ut
1819 325 1860 359 et
1888 317 2162 372 κειληνρτες
2192 327 2239 361 et
2261 321 2432 376 κεκλή-

218 399 380 446 γοντες
408 386 524 432 dixit
541 418 556 444 ,
591 401 677 431 non
706 387 1008 442 κεκληγᾰπες.
1070 381 1157 428 Sed
1178 381 1458 428 Aristarchus
1490 382 1569 437 (οἳ.
1601 379 1769 429 Scholl.
1799 382 1853 430 ll.
1889 381 2022 438 XVI.
2082 379 2085 382 ’
2156 383 2430 437 ’<Ωᾶ.,ΧΙὙ.
2489 442 2494 445 ⁴

217 457 301 508 ³⁰)
342 460 634 513 κεκληγώτες
677 469 808 498 ausus
850 464 913 497 est
950 453 1156 498 scribere.
1222 450 1342 508 Ergo
1379 453 1508 497 facile
1551 462 1614 497 est
1653 452 1883 509 divinare,
1947 452 2022 511 qui
2062 447 2108 497 τ’
2189 458 2342 510 rubras
2384 455 2432 500 in

219 524 339 568 hunc
377 525 523 568 locum
561 521 803 567 induxerit.
863 520 1028 565 Confer
1067 519 1321 565 Tbierschii
1360 519 1556 565 Gramm.
1600 525 1642 574 S.
1685 522 1783 564 211.
1825 537 1867 579 Ρ.
1912 520 2011 567 344.
2084 520 2328 571 Memor-ctu
2354 533 2432 567 rta-

218 607 322 637 men
351 592 532 647 dignum
561 599 651 643 est,
701 588 972 634 Eustatbium
1002 589 1054 632 de
1087 587 1304 644 Zenodoti
1335 587 1520 644 lectione
1547 587 1696 639 minus
1726 587 1811 631 sibi
1841 599 2052 635 constare.
2108 588 2226 634 Nam
2254 606 2355 636 cum
2384 608 2427 650 Ρ.

218 660 331 712 229,
362 660 422 703 22
450 659 568 703 idem
595 657 865 718 planeqnod
895 654 1041 702 schol.
1073 655 1118 699 A
1147 654 1392 712 tradiderit,
1423 672 1466 715 p.
1499 655 1612 712 490,
1642 655 1698 701 41
1729 655 1836 700 haec
1864 657 2025 703 referta
2068 659 2121 704 τὸ
2153 660 2202 703 δὲ
2233 663 2429 710 vernem

219 730 398 785 γράφει
429 729 689 782 Ζηνόδοτος
713 725 766 770 ἐν
796 732 876 784 τῷ,
908 727 1015 771 τοὺς
1044 725 1222 771 ἐλεεινὰ
1251 727 1478 781 κατήσθιε
1506 728 1818 776 τεττίξοντας·
1850 729 1931 769 καί
1959 742 2030 771 τοι
2060 732 2182 773 κατα
2210 738 2339 773 τινας
2367 743 2433 772 n-

221 800 437 850 τίᾶοντας
465 795 640 840 ἐκεῖνος
667 797 849 853 γράφει
879 795 959 839 διὰ
986 799 1072 840 τοῦ
1102 811 1139 850 z,
1173 794 1231 838 οὐ
1259 794 1359 851 μὴν
1389 795 1468 840 διὰ
1497 799 1584 840 τοῦ
1614 810 1649 839 ε.
1709 792 1812 840 Noli
1840 794 2063 850 dubitare,
2104 797 2209 857 quin
2236 800 2431 851 uvidior-

221 879 303 910 τας
327 863 545 909 Zenodoti
572 864 700 908 lectio
730 865 876 909 fuerit.
2234 903 2241 913 ,
2335 887 2339 892 «

430 933 531 977 318.
594 932 713 977 Vera
744 934 782 978 si
818 942 881 976 est
912 931 1106 976 omnium
1137 945 1242 975 sane
1259 929 1474 975 librorum
1499 930 1630 976 lectio
1659 932 1915 987 ἀρίζηλον,
1971 934 2145 978 valde
2186 935 2432 993 conspi-

223 1017 390 1046 cuum
421 1002 657 1044 draconem
686 1017 711 1043 a
740 1000 849 1046 Jove
879 999 1094 1043 redditum
1126 1013 1218 1042 esse
1247 1014 1305 1041 ex
1336 996 1388 1042 ll.
1414 996 1545 1043 Xffl.
1577 998 1678 1043 244.
1717 999 1848 1045 xm.
1877 1001 1978 1056 219.
2007 1002 2108 1046 221.
2140 1002 2241 1047 519.
2270 1000 2428 1048 ΧΧΙΙ.

222 1072 296 1116 27.
347 1069 436 1116 Od.
478 1068 588 1114 Xll.
632 1068 718 1114 453
764 1070 931 1122 elucet3
990 1068 1103 1125 quod
1151 1066 1401 1112 criticorum
1451 1078 1647 1112 veterum
1685 1085 1787 1127 pars
1830 1071 1940 1114 bene
1977 1071 2228 1115 intellexit..
2268 1071 2433 1116 confer

222 1137 376 1184 Sobel.
406 1138 462 1182 L.
491 1138 536 1182 h.
568 1138 597 1182 Ι.
630 1137 824 1182 Eustath.
854 1153 897 1197 p.
924 1137 1031 1191 229,
1061 1135 1132 1182 45.
1186 1135 1370 1194 interpr.
1401 1150 1468 1192 gr.
1497 1151 1568 1196 ap.
1599 1135 1792 1188 Bekker.
1839 1137 1991 1197 Etym.
2024 1139 2082 1185 Μ.
2129 1155 2171 1198 Ρ.
2209 1140 2294 1185 142
2306 1141 2428 1196 ,2:219-

220 1207 420 1270 Hesych.
449 1207 488 1251 l.
511 1224 554 1267 Ρ.
586 1209 690 1252 529.
754 1206 857 1264 Quo
898 1215 1042 1249 autem
1072 1204 1200 1248 modo
1227 1201 1428 1263 luppiter
1456 1205 1582 1248 valde
1613 1205 1893 1265 conspicuum
1923 1206 2158 1266 reddiderit
2184 1207 2430 1262 draconem,

220 1276 382 1321 Ulixes
411 1276 654 1319 accuratius
687 1275 869 1333 exponit
898 1274 1104 1332 proximo
1134 1287 1291 1316 versu:
1325 1275 1452 1314 λᾶαν
1480 1274 1574 1327 γάρ
1603 1289 1689 1326 μιν
1717 1274 1857 1329 ἔθηκε
1880 1268 2066 1329 Κρόνου
2097 1280 2204 1318 παῖς
2229 1276 2429 1331 α’γκυλο-

222 1347 401 1400 μήτεω.
463 1342 565 1388 Non
608 1343 809 1387 audiendi
850 1342 985 1398 igitur
1023 1351 1123 1384 sunt
1164 1339 1225 1394 ii,
1280 1338 1353 1396 qui
1397 1339 1688 1397 praejudicata
1719 1341 1925 1399 opinione
1954 1343 2118 1400 decepti
2148 1358 2174 1387 e
2200 1353 2431 1400 conspectu

221 1408 440 1456 sublatum
469 1427 560 1454 esse
589 1412 820 1453 draconem
844 1408 1008 1468 opinati
1039 1418 1154 1463 sunt,
1182 1418 1324 1465 atque,
1352 1415 1401 1449 ut
1427 1406 1678 1466 opinionem
1705 1423 1830 1452 suam
1858 1410 2106 1469 probarent,
2135 1419 2229 1456 tum
2255 1425 2430 1460 versum

219 1480 475 1539 proximum
507 1488 848 1538 expunxerunt,
880 1489 972 1520 tum
1005 1476 1239 1530 ἀρίξηλον
1270 1491 1351 1533 pro
1379 1474 1561 1529 ἄδηλον
1589 1477 1751 1520 dictum
1781 1493 1874 1520 esse
1904 1478 2252 1521 affirmaverunt.
2311 1476 2430 1521 Gon-

218 1546 290 1601 fer
318 1541 486 1593 Scholl.
516 1546 577 1592 A.
603 1546 720 1592 Vict.
753 1544 903 1605 Etym.
934 1542 996 1589 M.
1027 1562 1070 1603 Ρ.
1109 1544 1218 1599 142,
1273 1544 1332 1588 25
1357 1559 1473 1601 seqq.
1532 1545 1578 1588 A
1620 1545 1776 1602 quibus
1805 1547 1982 1603 paulum
2011 1556 2306 1603 recesserunt,
2353 1547 2431 1604 qni

220 1614 456 1671 ἀρίζηλον
501 1624 708 1672 negantes
748 1629 840 1658 esse
879 1613 1062 1668 ἄδηλον
1102 1612 1195 1658 sive
1224 1613 1395 1669 ἀφανῆ
1425 1611 1561 1657 variis
1591 1612 1849 1675 coniecturis
1876 1614 2098 1657 tentabant
2126 1615 2241 1658 bunc
2271 1615 2429 1672 locum,

221 1685 426 1739 ἀῖξηλον
454 1682 672 1741 (Hesych.
708 1681 744 1726 Ι.
786 1698 826 1740 Ρ.
859 1684 962 1726 150.
984 1681 1133 1742 Etym.
1155 1680 1219 1724 Μ.
1250 1697 1294 1739 Ρ.
1324 1682 1397 1732 31,
1428 1679 1538 1735 54),
1592 1680 1816 1736 ἀείξηλον
1856 1680 2086 1738 (Apollon.
2125 1682 2216 1726 lex.
2257 1699 2296 1740 p.
2329 1683 2427 1739 64),

219 1755 422 1807 ἀΐδηλον
463 1749 683 1809 (Hesycb.
726 1749 763 1793 Ι.
803 1766 845 1807 p.
895 1748 991 1793 144.
1046 1748 1194 1807 Etym.
1233 1747 1295 1792 Μ.
1332 1764 1377 1806 Ρ.
1406 1747 1478 1802 41,
1506 1747 1586 1801 44)
1618 1749 1868 1802 scribentes.
1928 1748 2047 1804 Quid
2077 1750 2230 1806 legerit
2257 1749 2427 1806 Cicero,

217 1822 447 1875 incertum,
478 1819 551 1862 sed
579 1819 759 1862 eandem
785 1817 912 1861 buius
938 1816 1019 1860 loci
1036 1814 1433 1874 interpretationem
1460 1816 1711 1875 amplexum
1734 1833 1841 1872 esse,
1872 1828 2042 1860 servato
2060 1828 2204 1860 tamen
2222 1819 2427 1876 proximo

218 1906 351 1935 versu
380 1906 440 1933 ex
472 1887 567 1947 ejus
595 1886 880 1931 conversione
911 1886 985 1938 (de
1015 1884 1171 1928 Divin.
1205 1883 1257 1927 ll.
1294 1886 1374 1936 30)
1405 1885 1716 1942 perspicimusz
1770 1885 1908 1939 „Qui
1950 1885 2037 1927 luci
2078 1885 2269 1928 ediderat
2301 1888 2425 1942 geni-

214 1966 286 2002 tor
318 1955 575 2010 Saturnius,
613 1954 730 1998 idem
762 1969 785 1997 a
804 1952 1028 2008 bdidit,
1075 1961 1117 1996 et
1149 1952 1257 1995 duro
1289 1951 1478 1996 firmavit
1511 1952 1702 2007 tegmina
1734 1969 1854 1997 saxo.
1870 1955 1900 1980 “
1960 1951 2104 1995 Etiam
2136 1950 2425 1998 Buttmannus

217 2023 395 2080 (Lexil.
430 2022 452 2066 1
499 2038 542 2081 Ρ.
572 2023 660 2064 252
689 2021 832 2078 seqq.)
864 2021 1059 2063 abditum
1101 2036 1193 2063 esse
1240 2021 1471 2063 draconem
1502 2020 1734 2064 arbitratus
1762 2020 2032 2081 conjecturae
2057 2022 2256 2075 ἀΐδηλον
2277 2031 2424 2081 patro-

218 2092 418 2142 cinatur,
466 2105 646 2144 eamque
675 2088 920 2130 Aristarchi
953 2088 1181 2130 lectionem
1217 2087 1349 2129 fuisse
1379 2096 1535 2129 censet.
1594 2085 1706 2130 Cum
1736 2089 1829 2146 ipse
1855 2098 2000 2131 tamen
2030 2088 2317 2134 Buttmannus
2346 2092 2423 2135 ad-

215 2159 395 2206 modum
425 2156 583 2202 dubius
616 2156 817 2210 baereat,
847 2166 973 2214 atque
1005 2165 1201 2199 extremo
1231 2155 1283 2199 ad
1314 2157 1548 2210 α’ρίέηλον
1576 2171 1713 2214 paene
1741 2156 1911 2212 redeat,
1940 2172 2032 2199 nou
2059 2167 2137 2214 est,
2171 2159 2284 2218 quod
2315 2160 2424 2203 mul-

213 2229 269 2274 tis
312 2227 461 2273 verbis
505 2225 599 2269 eius
637 2224 887 2283 opinionem
933 2224 1130 2268 refutem.
1193 2224 1253 2267 At
1294 2234 1433 2283 potest
1473 2224 1559 2267 alia
1603 2224 1770 2267 ratione
1799 2221 2131 2280 vulgata'ssdectio
2158 2226 2421 2285 impugnari.

213 2296 329 2341 Nam
372 2311 473 2338 cum
515 2294 750 2348 ἀρίζηλον
779 2308 804 2334 a
846 2295 994 2346 δῆλον
1024 2293 1262 2350 profectum
1298 2307 1389 2335 esse
1419 2300 1639 2352 oporteat,
1696 2293 1732 2337 si
1773 2302 1886 2338 recte
1928 2292 2160 2350 ἀρίᾶηλον
2192 2295 2421 2350 scribatur,

213 2364 465 2423 quaeritur,
495 2379 575 2405 cur
605 2376 820 2417 nusquam
848 2365 999 2414 ᾱὴλον
1030 2361 1301 2418 reperiatur?
1337 2359 1438 2404 lnde
1463 2360 1651 2419 suspicio
1674 2361 1822 2404 oritur>
1840 2361 2097 2417 ἀρίδηλον,
2129 2363 2419 2425 Zenodoti

212 2432 571 2482 lectionem,
602 2445 753 2473 veram
784 2444 876 2472 esse
904 2427 1162 2481 lectionem,
1193 2432 1426 2482 αρίᾱηλον
1451 2440 1592 2472 autem
1623 2430 1916 2484 excogitatum
1946 2446 2037 2474 esse
2067 2432 2122 2474 ab
2153 2431 2207 2473 iis
2222 2431 2343 2488 {qui
2368 2432 2421 2474 de

214 2517 228 2541 1
259 2498 425 2545 vocalis
456 2494 764 2554 productione,
810 2498 884 2554 (ea
932 2495 1139 2538 nimirum
1173 2495 1259 2539 arsi
1290 2495 1504 2553 efficitur)
1547 2496 1678 2539 nimis
1709 2496 1883 2541 solliciti
1915 2507 2070 2542 essent.
2135 2496 2421 2542 Cuiusvsoui-

211 2565 416 2610 citudinis
446 2565 629 2607 alterum
654 2563 922 2606 luculentum
953 2564 1202 2621 exemplum
1233 2565 1429 2607 afferam.
1494 2564 1546 2608 ΙΙ.
1576 2563 1756 2608 xxm.
1790 2567 1876 2608 792
1900 2567 2214 2621 ἐριδήσασθαι
2242 2566 2417 2621 legitur,

208 2643 252 2677 et
282 2632 369 2676 iota
397 2646 545 2675 arseos
572 2629 617 2674 vi
646 2630 912 2690 producitur.
973 2629 1061 2686 Sed
1086 2631 1281 2687 fuerunt,
1322 2633 1398 2690 qui
1425 2633 1742 2689 ὲριξὴόασὲαι
1773 2633 2024 2679 scriberent.
2086 2633 2227 2678 Porro
2255 2633 2419 2690 ἀρίδη-

209 2706 299 2745 λον
326 2700 418 2758 jam
439 2699 728 2755 antiquissimi
759 2709 910 2756 poetae
938 2708 1205 2758 usurparunt
1234 2697 1533 2758 (Simonides,
1566 2698 1719 2759 Epigr.
1750 2701 1809 2745 59
1836 2700 2060 2758 ἀρίδαλος
2081 2700 2285 2759 Ὄσσα),
2313 2702 2415 2761 ἀρί-

207 2774 362 2826 ζηλον
390 2782 520 2809 nemo
550 2775 647 2808 ante
677 2764 1009 2822 Callimachum,
1042 2768 1163 2825 isque
1184 2768 1420 2823 ἀρίζηλον
1445 2782 1470 2812 a
1499 2771 1642 2824 δῆλος
1670 2769 1947 2822 (aemulatio)
1975 2767 2176 2813 derivans
2200 2785 2281 2829 pro
2313 2770 2417 2828 ἀρι-

204 2842 429 2894 &famer
458 2832 578 2882 dicit.
640 2833 899 2892 Apollonius
939 2835 1137 2880 Rhodius
1170 2838 1409 2881 secundum
1436 2837 1657 2893 vulgatam
1688 2836 1915 2881 lectionem
1948 2837 2014 2881 bis
2042 2838 2274 2892 ἀρίδηλον
2302 2841 2416 2892 (Ar-

201 2923 303 2967 gon.
344 2900 430 2952 111.
460 2901 562 2948 615.
595 2898 679 2950 lv.
709 2902 850 2960 727),
905 2903 971 2949 bis
1010 2904 1244 2960 ἀρὶᾶηλον
1288 2903 1369 2959 (11,
1410 2905 1513 2955 250.
1541 2902 1625 2950 ΙΙΙ.
1658 2904 1768 2957 958)
1799 2904 1913 2952 dixit
1944 2904 2096 2950 eodem
2123 2921 2263 2951 sensu.
2324 2906 2413 2956 Sed
