2658 3197
544 73 588 118 ’ς’
1057 87 1664 136 —---l7--—

257 220 405 281 ἧμας·
412 228 831 291 mpoqoenbvouevw
853 223 1032 269 Etiam
1081 241 1206 282 nos,
1253 241 1340 269 non
1375 228 1515 270 solum
1558 226 1866 287 Mycenenses,
1923 225 2241 283 Agamemnoni
2273 228 2446 271 subditi.

255 288 355 338 fflc’
379 293 554 350 enim,
545 294 947 363 yqssgamemnouem
977 304 1023 337 ut
1049 295 1245 337 deserant
1263 325 1276 347 ,
1306 292 1541 337 Thersites
1565 310 1649 336 non
1682 296 1889 338 hortatur.
1948 297 2096 352 Atque
2126 312 2150 338 a
2180 296 2302 340 libris
2332 296 2448 340 stetit

256 362 448 414 Wolfius
475 363 522 405 in
552 353 684 406 And.
709 360 795 405 litt.
826 361 924 406 Vol.
956 369 991 407 Ι.
1019 379 1063 421 p.
1092 360 1221 416 434.
1265 360 1523 418 retinuitque
1552 365 1595 405 ri
1626 365 1669 405 οὶ
1698 362 1739 415 χ’
1773 362 1905 417 ἡμεῖς
1928 362 2148 421 prioribus
2177 363 2221 407 in
2251 363 2448 408 editioni-

254 431 381 477 bus.
407 428 493 476 Sed
529 430 581 475 in
614 429 951 475 recentissimam
979 428 1212 475 editionem
1239 433 1283 473 η’
1313 433 1362 473 οἵ
1389 430 1590 485 χήμεῖς
1621 429 1871 474 Tbierscln'i
1901 431 2024 492 couje
2013 441 2193 475 cturam
2224 430 2441 489 (Gramm

255 501 286 553 ᾗ.
321 498 432 554 164,
463 502 511 549 l)
542 498 728 555 recepit,
769 499 816 541 in
845 514 974 556 quam
1006 498 1296 557 conjecturam
1331 499 1531 541 incidisse
1560 500 1748 556 aliquem
1774 500 1936 542 mirum
1966 511 2055 553 est,
2095 501 2197 557 quia
2228 501 2280 543 κὲ
2312 500 2445 557 parti-

253 568 372 611 culae
418 566 465 609 in
500 565 836 619 interrogatione
864 566 1008 608 nullus
1050 575 1112 608 est
1139 565 1287 620 locus,
1334 566 1420 610 nisi
1452 584 1550 610 cum
1590 568 1780 625 optativo
1817 569 2084 627 conjunctae.
2147 568 2310 625 Pingui
2341 583 2445 612 vero

252 635 451 679 Minerva
480 632 777 693 Spitznerus
764 651 809 677 111
840 633 1089 677 Thierscbii
1121 643 1163 677 et
1191 633 1348 678 Wolfii
1378 635 1562 689 gratiam
1593 633 2119 695 (Excurs-X111.p.36)
2151 636 2238 681 Od.
2263 640 2339 681 IV.
2369 637 2442 683 80.

251 708 374 775 Vm·
403 703 490 749 336
548 707 641 748 XV.
674 702 771 747 431
806 701 1092 748 XV111.357
1118 701 1301 759 allegat,
1341 718 1524 761 quorum
1553 702 1746 746 locorum
1777 703 1905 760 longe
1934 705 2062 748 aliam
2090 720 2182 749 esse
2211 704 2443 758 rationem,

251 767 542 831 uuusquisque
570 772 697 815 facile
726 771 944 828 intelligit.
1002 769 1094 814 Nec
1118 771 1206 813 ulla
1235 781 1297 814 est
1328 771 1555 814 necessitas
1584 787 1608 814 a
1638 771 1762 814 libris
1792 772 2032 826 deficiendi,
2060 775 2262 829 quoniam
2292 790 2445 817 recen-

249 842 358 885 tium
386 842 558 885 demum
602 842 852 884 criticorum
879 849 943 883 est
986 839 1133 918 opinio
1164 839 1484 898 praejudicata,
1528 844 1607 883 καὶ
1637 840 1874 900 particulae
1903 840 2012 885 crasi
2040 839 2278 887 Homerum
2308 842 2444 887 absti-

249 909 407 954 nuisse.
469 909 613 966 Quam
640 909 889 968 opinionem
916 918 964 953 ut
993 908 1113 967 quasi
1143 907 1387 963 stabiliant,
1440 923 1587 952 omnes
1625 909 1773 964 locos,
1829 907 1902 966 qui
1933 909 2104 952 obstant
2133 910 2172 952 ei
2189 941 2203 965 ,
2257 920 2443 956 mutatos

248 978 413 1022 volunt.
481 977 599 1022 Vide
639 976 870 1021 Thiersch.
914 978 947 1021 l.
991 994 1024 1021 0.
1072 977 1202 1020 Voss.
1245 978 1298 1019 ad
1343 978 1383 1020 h.
1431 977 1475 1019 in
1521 976 1619 1020 Cer.
1651 993 1694 1020 v.
1724 978 1826 1020 226.
1886 976 2142 1035 Spitznerus
2171 978 2280 1022 Exc.
2313 985 2441 1023 XIII.

248 1042 456 1093 Neue-'unt
485 1044 601 1093 enim
632 1044 704 1089 isti
732 1045 835 1102 viri,
863 1045 1060 1104 quotiens
1088 1046 1280 1089 crasibus
1300 1044 1517 1089 Homerus
1545 1060 1649 1088 usus
1676 1045 1748 1100 sit,
1777 1060 1861 1106 qua
1887 1046 1939 1088 de
1968 1061 2016 1088 re
2045 1045 2146 1089 vide
2175 1061 2276 1089 ann.
2309 1052 2369 1090 11.
2397 1048 2438 1091 1.

452 1115 600 1170 Vulgo
630 1115 682 1169 ἠὲ
716 1114 887 1170 tegitur.
947 1112 1033 1157 Sed
1062 1114 1115 1168 ἦε
1145 1114 1375 1168 legendum
1405 1129 1495 1157 esse
1525 1115 1578 1156 ad
1610 1121 1670 1158 11.
1700 1115 1800 1157 232.
1833 1115 1921 1158 253
1946 1115 2256 1159 demonstravi.

451 1183 567 1227 239.-
594 1178 802 1239 'Vulgata
831 1182 958 1229 lectio
993 1181 1043 1226 ἕο
1083 1191 1158 1225 est.
1229 1180 1441 1224 Zenodoti
1474 1181 1703 1225 lectionem
1724 1180 1815 1225 -ἑοῦ
1842 1179 2096 1240 insipienter
2125 1179 2274 1227 Schol.
2304 1181 2350 1227 A
2375 1183 2441 1227 vi-

247 1261 438 1312 tuperat:
482 1253 741 1307 Ζηνόδοτος
780 1253 957 1310 γράφει
987 1251 1114 1295 ἑοῦ·
1146 1255 1281 1294 τοῦτο
1312 1248 1361 1293 δὲ
1394 1250 1703 1306 ἀσύναρθρον
1731 1254 1812 1293 καὶ
1843 1250 1931 1303 οὐχ
1960 1251 2180 1305 ἁρμόᾱον
2207 1258 2274 1308 τῷ
2297 1255 2439 1308 λόγῳ.

244 1319 439 1366 Νοεοίν11
468 1320 584 1365 enim
618 1322 753 1364 bonus
782 1318 1057 1375 scholiastes,
1088 1319 1170 1363 ἑοῦ
1199 1317 1384 1375 antiquis
1414 1318 1590 1362 Graecis
1620 1319 1779 1362 dictum
1809 1334 1901 1363 esse
1932 1335 2010 1377 pro
2044 1319 2094 1362 ἕο
2125 1330 2166 1362 et
2196 1319 2268 1372 οὗ,
2299 1331 2345 1364 111
2370 1322 2443 1365 ἑοῖ

245 1400 286 1433 et
313 1390 358 1433 ἑὲ
389 1405 468 1449 pro
499 1391 545 1433 οἶ
566 1399 606 1432 et
635 1389 670 1432 ἑ.
730 1388 913 1432 Doctior
940 1389 1016 1431 illo
1038 1387 1305 1446 Apollonius
1330 1386 1377 1429 in
1407 1388 1576 1443 Argon.
1607 1393 1685 1432 IV.
1714 1388 1816 1431 803.
1856 1387 1953 1442 ἑοῦ,
1995 1398 2036 1431 01
2073 1395 2111 1434 Ι.
2144 1389 2271 1434 1032.
2298 1396 2358 1435 11.
2388 1390 2436 1435 6.·

245 1465 330 1505 111.
362 1459 488 1502 1065.
531 1459 659 1502 1335.
701 1462 782 1502 IV.
811 1457 911 1501 782.
942 1455 1052 1501 -ἑοῖο
1090 1454 1296 1500 servavit.
1359 1452 1525 1498 Confer
1563 1454 1774 1499 Gerhard.
1816 1453 1936 1498 Lect.
1970 1454 2124 1536 Apoll
2156 1472 2200 1515 p.
2229 1458 2288 1501 93
2311 1468 2438 1516 atque

244 1524 486 1586 Ἥοιιεῐ.
517 1526 570 1569 ad
603 1524 1246 1582 Aegon.1.1032.1v·.782.
1290 1522 1505 1571 Aeolibus
1535 1522 1616 1566 ἑοῦ
1643 1539 1724 1581 pro
1755 1523 1816 1566 οὑ
1841 1523 1933 1566 sive
1967 1522 2017 1566 ἑο
2050 1523 2202 1567 tribuit
2230 1526 2439 1584 Apollon.

244 1594 296 1638 d'e
326 1610 522 1653 pronom.
553 1610 595 1652 p.
624 1595 711 1638 358
740 1592 793 1647 Β,
836 1592 919 1650 ipsi
950 1591 1142 1634 Homero
1176 1589 1398 1634 Maximus
1427 1589 1644 1635 P-lanudes
1670 1590 1961 1643 (Bachmann.
1994 1591 2169 1635 Anecd.
2196 1593 2272 1637 Gr.
2302 1600 2363 1639 ΙΙ.
2392 1610 2437 1653 p.

241 1663 353 1720 69),
384 1661 507 1709 cuius
536 1661 641 1704 haec
669 1671 769 1704 sunt
796 1661 960 1716 verba.
992 1660 1045 1703 ἑν
1073 1659 1124 1702 δὲ
1154 1664 1221 1715 τῷ
1249 1659 1270 1702 ἑ
1284 1665 1353 1703 οῦ
1379 1659 1572 1704 αὐτοῦ
1599 1663 1679 1702 και
1710 1659 1781 1703 ἑοῖ
1807 1659 1938 1702 αὑτῶ
1969 1663 2048 1702 καὶ
2076 1659 2120 1703 ἑὲ
2153 1660 2301 1705 αὐτὸν
2330 1661 2439 1716 οὐχὶ

243 1731 472 1776 σύνθετόν
502 1728 598 1774 ἑστι
624 1733 691 1786 τῷ
721 1727 823 1782 ἑοῦ,
855 1727 916 1773 ὡς
943 1727 995 1771 τὸ
1027 1726 1219 1780 ἑαυτοῦ,
1256 1727 1353 1770 ἀλλ
1386 1727 1583 1771 ἁπλοῦν·
1616 1727 1836 1771 οὐδέποτε
1867 1729 1960 1784 γὰρ
1985 1728 2194 1783 Ὅμηρος
2223 1732 2440 1787 συνθέτῳ

241 1800 523 1856 ἀντωνυμίᾳ
562 1799 810 1854 ἐχρήσατο.
871 1794 1034 1838 Confer
1065 1795 1130 1837 ib.
1162 1811 1205 1852 p.
1250 1797 1333 1849 70,
1378 1797 1420 1838 2.
1477 1791 1711 1838 Maximus
1740 1811 1845 1838 vero
1885 1790 2102 1840 Planndes
2144 1798 2196 1840 ad
2225 1797 2277 1841 ΙΙ.
2309 1804 2433 1844 XIX.

242 1870 357 1925 384,
388 1868 592 1927 respicit,
621 1867 699 1909 ubi
726 1867 859 1921 vulgo
889 1865 1062 1920 quidem
1095 1864 1143 1907 ἕο
1171 1865 1321 1908 αὐτοῦ
1348 1863 1534 1919 legitur,
1565 1863 1636 1907 sed
1666 1861 1895 1919 illegitimo
1928 1863 2071 1918 biatu,
2103 1863 2249 1922 ibique
2274 1864 2437 1913 'iterum

241 1940 289 1982 in
318 1935 560 1982 Zenodotia
589 1934 775 1979 editione
812 1932 897 1978 ἑοῦ
938 1933 1087 1978 αὐτοῦ
1127 1932 1256 1977 fuisse
1301 1930 1417 1977 testis
1459 1941 1520 1976 est
1559 1928 1704 1975 Schol.
1750 1931 1808 1975 A.
1869 1931 1970 1989 Quo
2011 1948 2071 1976 ex
2097 1933 2192 1977 loco
2215 1949 2433 1992 vmagnum

241 2015 388 2050 nostro
432 2003 553 2047 loco·
550 2001 705 2047 oritur
744 2000 981 2045 subsidium
1071 2000 1186 2045 Nam
1225 2016 1321 2043 cum
1363 1999 1578 2042 11.Χ1Χ.
1617 1998 1701 2041 384
1743 1999 1792 2041 ἕο
1822 2001 1970 2042 αὐτοῦ
1996 2016 2097 2042 vera
2130 2014 2310 2057 nequeat
2341 2019 2432 2046 esse

240 2074 366 2120 lectio
395 2080 570 2133 propter
597 2069 763 2114 hiatum
791 2069 994 2114 vitiosum
1011 2100 1025 2127 ,
1071 2079 1195 2128 atque
1221 2068 1438 2127 antiquior
1467 2067 1590 2110 lectio
1624 2068 1786 2109 hiatum
1813 2068 1959 2122 tollat,
2014 2068 2095 2110 1100
2124 2085 2290 2126 quoque
2321 2071 2435 2127 loco,

240 2143 316 2185 ubi
345 2158 423 2200 per
438 2156 495 2183 se
526 2140 575 2182 ἕο
603 2131 946 2190 101οῧ1111110-,001
983 2139 1270 2195 antiquiorem
1300 2137 1525 2180 lectionem
1555 2136 1879 2194 praeferendam
1909 2152 2026 2191 esse,
2069 2148 2260 2196 apparet.
2319 2139 2438 2186 Vide

240 2212 422 2268 denique
450 2206 695 2265 analogiam
725 2205 879 2251 harum
907 2204 1198 2252 formarum
1175 2222 1246 2261 εο,
1291 2206 1398 2262 ἑοῦ,
1440 2204 1571 2259 ἑοῦς,
1617 2202 1711 2248 ἑοῖο
1741 2213 1781 2248 et
1810 2205 1906 2259 τέο,
1948 2208 2078 2258 τεοῦ
2110 2210 2264 2262 τεοῦς,
2298 2215 2436 2253 τεοῖο.

238 2279 311 2327 De
338 2277 493 2339 quibus
534 2275 655 2320 docte
698 2273 871 2333 quidem
899 2275 971 2318 sed
1001 2274 1146 2317 mimis
1176 2275 1391 2331 sagaciter
1418 2273 1706 2316 Buttmannus
1735 2273 1955 2331 (Ga-amm.
1990 2278 2022 2317 I.
2057 2279 2099 2326 ὃ.
2130 2277 2215 2332 72)
2246 2241 2440 2335 disputa-

237 2350 318 2395 vit.
377 2348 493 2391 Num
516 2342 650 2387 etiam
680 2345 738 2387 οὑ
767 2343 1050 2386 Homericum
1071 2344 1154 2396 sit,
1184 2344 1238 2385 ad
1269 2349 1323 2387 V.
1352 2345 1439 2386 300
1467 2341 1725 2387 videbimus.
1788 2340 1917 2397 Quod
1948 2342 2020 2400 qui
2056 2344 2111 2388 ab
2140 2343 2339 2392 Homero
2361 2347 2439 2391 ab·

237 2417 567 2476 judicaverunt,
613 2411 792 2466 eandem
821 2411 878 2456 ob
906 2426 1078 2455 causam
1110 2410 1278 2455 formae
1309 2410 1392 2455 ἑοῦ
1419 2408 1564 2454 infesti
1595 2408 1797 2465 fuerunt,
1838 2409 1995 2470 quippe
2026 2427 2157 2470 qnam
2189 2428 2249 2457 ex
2279 2413 2337 2458 οὑ
2363 2414 2438 2459 de-

243 2484 472 2530 rivandam
490 2489 729 2524 censerent.
793 2478 918 2535 Quae
941 2478 1088 2536 opinio
1120 2493 1217 2520 cum
1240 2480 1348 2521 falsa
1380 2479 1461 2532 sit,
1488 2478 1705 2519 immerito
1736 2478 1818 2520 ἑοῦ
1846 2480 2055 2538 rejectum
2085 2498 2178 2524 esse
2204 2484 2338 2526 vides.

351 2549 356 2554 ⁴
439 2547 686 2595 252-256.
748 2547 892 2592 Schol.
931 2546 976 2589 A
1004 2548 1100 2590 ἀπὸ
1138 2550 1308 2591 τούτου
1339 2546 1425 2591 ἕως
1453 2550 1540 2590 τοῦ
1569 2543 1719 2600 ἥρωες
1749 2549 1946 2600 Δαναοί,
1978 2548 2261 2596 ἀθετοῦντατ
2289 2555 2436 2606 στίχοι

238 2625 283 2677 ε’,
312 2620 382 2666 ὅτι
414 2620 656 2674 πεᾶότεροι
677 2620 740 2674 »τῇ
771 2614 989 2660 σὺνθέσει
1018 2618 1097 2658 καὶ
1125 2617 1178 2659 τὸ
1208 2614 1322 2671 ἧσαι
1352 2613 1409 2658 οὐ
1438 2616 1615 2669 κυρίως
1644 2613 1742 2657 ἔστι
1773 2617 1986 2663 δέξαθαι·
2019 2619 2077 2663 οὐ
2098 2620 2190 2676 γάρ
2219 2623 2436 2670 κάθηται·

238 2690 332 2736 οὐδ’
365 2691 425 2734 ὡς
467 2688 493 2732 ὁ
534 2687 777 2742 Διομήδης
819 2686 943 2739 λέγει
988 2686 1162 2738 „rena
1203 2689 1355 2742 σιωπῇ
1387 2683 1477 2740 ἧσο
1492 2688 1518 2708 “
1549 2682 1629 2742 (ll.
1660 2687 1735 2730 IV.
1764 2684 1906 2743 412),
1959 2688 2065 2732 ἀντὶ
2094 2694 2180 2732 τοῦ
2209 2688 2433 2743 ἡσύχαζε,

238 2760 386 2807 Schol-
400 2759 453 2807 L.
472 2773 544 2819 apa
562 2752 1129 2810 ‘Bachmanmc-‘nnepzrroi
1147 2757 1194 2798 οἱ
1212 2757 1232 2798 ἐ
1264 2754 1555 2798 deserebam·
1588 2752 1751 2807 ἔχειδέ
1782 2770 1828 2798 τι
1857 2759 1938 2799 καὶ
1966 2759 2147 2810 ψευδές,
2178 2756 2293 2811 ἧσαι
2318 2758 2439 2804 ὀνει-

238 2832 540 2879 δίζων-τῶν
573 2828 668 2885 γὰρ
706 2824 879 2869 ἄλλων
899 2827 1233 2870 ›caecasse-mv
1265 2826 1488 2879 Θερσέτης
1529 2826 1676 2876 μόνος
1703 2825 1916 2878 ἀκοσμεῒ.
1976 2823 2139 2870 scholi.
2170 2823 2211 2870 Β
2240 2836 2284 2872 01
2313 2825 2437 2873 Leid.

2135 2903 2162 2943 3
