2658 3197
1015 172 1630 222 --·“12----

218 313 397 375 pIurimi
428 323 471 359 et
507 313 665 392 optimi
695 312 881 357 aliorum
908 309 1082 355 testium
1111 310 1212 355 huic
1244 311 1382 358 codici
1410 312 1663 372 plerumque
1691 313 2003 360 adsentiuntur.
2063 315 2413 376 Quamqusnffi.

219 384 252 429 Ι.
281 382 462 442 plurimi
504 381 553 426 in
593 382 766 440 vulgata
810 378 1053 424 consentire
1090 379 1308 425 videntur.
1385 380 1491 426 Vidi
1532 390 1677 427 tamen
1703 381 1759 427 εὖ
1787 384 2042 463 ναιόμενον
2065 382 2117 432 h
2147 384 2262 431 Ven.
2291 396 2418 446 aque

218 467 290 510 ap.
322 449 489 500 SchoII.
519 449 658 494 ABL.
713 448 820 493 Plus
849 464 954 493 vero
984 464 1113 505 quam
1146 447 1367 493 codicibus
1397 461 1439 494 ει
1468 448 1722 495 Scholiastis
1748 464 1898 510 poetae
1922 452 2007 511 ipsi
2034 439 2196 508 tribuo,
2226 455 2300 513 qui
2321 454 2416 503 od.

219 518 301 566 IV.
344 520 403 565 96
443 519 532 580 (εὖ
574 520 709 573 μάλα
745 518 1062 574 ναιετάοντα)
1103 525 1250 575 aperte
1279 517 1496 575 ostendit,
1537 518 1651 564 male
1678 516 1970 566 εὐναιετάων
2015 537 2040 566 a
2069 519 2240 566 Wolfio
2252 522 2414 569 'sei-ibi.

220 588 390 647 Quodsi
420 589 475 634 εὖ
499 589 740 632 ναιετάων
766 585 953 644 genuina
984 594 1048 630 εει
1079 583 1291 644 scriptura
1306 616 1321 641 ‚
1379 585 1475 645 quis
1512 587 1639 635 audet
1683 586 1994 644 εὐναιόμενον
2033 589 2297 638 defendere?
2353 590 2418 643 Ita

219 658 352 702 etiam
381 659 433 702 de
462 657 742 715 ἐϋφρονέων
757 654 954 699 dubitare
974 653 1135 698 licebit.
1182 652 1374 700 Unicum
1400 665 1463 699 est
1492 655 1611 701 enim
1638 656 1928 716 participium,
1957 658 2028 703 cui
2058 659 2114 703 εὖ
2138 658 2416 719 conjunctum

219 736 304 782 est,
335 738 376 771 et
404 726 597 781 dubium,
635 739 743 768 num
771 725 1027 781 εὐφρονεῑν
1052 739 1243 781 unquam
1271 723 1503 769 exstiterit.
1561 723 1724 770 Confer
1752 723 1960 785 Stephani
1987 725 2127 775 Thes.
2155 726 2233 773 Gr.
2263 725 2344 772 III.
2375 738 2417 771 ει

220 794 414 840 Dammii
443 793 558 841 Lex.
588 794 633 839 h.
661 810 708 838 v.
767 792 866 838 Hoc
893 803 1039 838 tamen
1060 802 1222 836 certum
1240 824 1254 848 ,
1295 792 1608 839 inconstantem
1645 793 1728 839 sibi
1768 794 1900 840 fuisse
1930 794 2148 841 Woifium
2176 807 2219 842 et
2243 797 2414 855 ἐϋφρο-

221 868 345 909 νέων
370 875 414 909 ει
443 865 556 919 (od.
589 863 693 908 VII.
724 862 806 915 74)
835 863 890 906 εὖ
918 864 1150 920 φρονέῃσι
1179 863 1392 908 edentem.
1452 894 1454 896 -

427 937 526 978 137.
585 932 791 993 Heynius
818 932 882 974 ad.
916 929 952 974 1.
984 931 1100 986 245,
1142 930 1219 973 ubi
1248 929 1342 987 ipse
1375 933 1511 984 προτὶ
1540 930 1742 987 praefert,
1768 930 1879 974 alios
1908 934 2014 981 ποτὶ
2042 931 2204 982 habere
2232 934 2416 990 nuntiat,

217 1004 660 1060 sexcentiesque
698 999 884 1059 reperiri
920 999 1033 1045 hanc
1074 999 1342 1045 varietatem.
1400 996 1507 1047 Inde
1536 999 1618 1043 hoc
1645 1014 1818 1058 quoque
1845 1000 1940 1044 Ioco
1969 1002 2079 1046 alios
2107 1003 2275 1053 codices
2303 1019 2414 1060 προ-

216 1076 515 1132 τιδέγμεναι,
550 1071 659 1115 alios
689 1070 1022 1125 ποτιδέγμεναι
1052 1073 1185 1126 (quae
1213 1068 1392 1124 vulgata
1420 1067 1548 1112 hodie
1579 1067 1706 1112 lectio
1734 1073 1821 1121 est)
1849 1069 2086 1128 praebere,
2120 1071 2330 1129 suspicari
2361 1073 2416 1117 Ii-

217 1154 311 1199 cet,
341 1143 421 1188 etsi
452 1143 547 1187 silet
575 1137 796 1198 Heynius.
838 1136 1036 1193 Accedit,
1066 1136 1222 1195 quod
1208 1153 1254 1181 m
1284 1135 1398 1182 Ven.
1429 1137 1790 1193 προτιδὲγμεναι
1819 1152 1912 1182 esse
1939 1147 2054 1183 certe
2083 1137 2256 1185 scimus.
2315 1139 2414 1187 Hoc

216 1211 480 1274 Freytagius
510 1208 697 1267 recepit,
743 1203 938 1251 wolfius
965 1221 1072 1250 vero
1102 1207 1432 1261 ποτιδέγμεναι
1460 1204 1651 1250 retinuit.
1710 1203 1798 1250 Sed
1826 1204 2088 1266 Freytagius
2118 1217 2233 1252 recte
2262 1208 2414 1254 fecisse

216 1283 404 1351 videtur.
463 1279 581 1324 Nam
607 1294 637 1333 ρ
667 1293 767 1321 οιιιιι
791 1274 1068 1335 primitivum
1097 1273 1167 1329 sit,
1198 1274 1321 1325 (vide
1353 1276 1459 1330 πρό,
1490 1276 1632 1330 πρὸς,
1662 1278 1816 1330 προτί,
1829 1280 1983 1332 πρίν,
2013 1278 2259 1340 πρρτερος,
2292 1282 2414 1332 πρώ-

216 1363 318 1403 τος,
360 1365 468 1409 pro,
509 1347 662 1406 prior,
683 1345 903 1404 primus),
942 1343 1096 1385 elisum
1126 1357 1217 1385 esse
1253 1358 1279 1386 a
1307 1353 1431 1402 poeta
1469 1358 1559 1386 ιιοιι
1587 1342 1760 1386 videtur
1784 1343 1871 1388 nisi
1897 1354 2035 1388 metro
2062 1354 2254 1402 cogente,
2285 1355 2331 1389 ut
2360 1345 2411 1392 ΙΙ.

215 1418 349 1465 XIV.
376 1418 464 1461 398
491 1417 665 1471 τόσσον
693 1429 746 1470 γε
779 1415 884 1454 ποτὶ
915 1409 1304 1468 δρυσίν.1ιει]ιιε
1339 1411 1584 1469 ubicunque
1615 1411 1745 1468 longa
1774 1413 1937 1457 vocalis
1968 1413 2314 1474 diphthongusve
2342 1425 2416 1458 aut

215 1503 459 1534 consonans
484 1486 610 1528 litera
641 1482 881 1533 antecedit,
939 1484 1075 1536 προτὶ
1100 1489 1174 1523 ant
1213 1479 1381 1523 retineo
1405 1490 1480 1524 aut
1506 1480 1699 1525 restituo.
1759 1480 1889 1537 Quod
1917 1482 2143 1526 Zenodoto
2170 1492 2213 1526 et
2240 1484 2414 1528 Aristo-

216 1558 361 1618 phane
387 1552 637 1600 auctoribus
660 1550 788 1596 facio.
849 1550 1122 1595 Zenodotum
1151 1547 1270 1593 enim
1298 1546 1352 1593 ΙΙ.
1383 1546 1443 1598 ΙΙ.
1482 1549 1542 1595 62
1568 1551 1881 1605 μαχήσασθαι
1918 1554 2054 1608 προτὶ
2075 1550 2239 1606 Ἴλιον,
2269 1552 2322 1610 II.
2352 1551 2409 1602 II.

216 1628 301 1671 801
333 1624 607 1668 Zenodotum
638 1630 679 1664 et
706 1620 1044 1679 Aristophanem
1074 1619 1401 1673 μαχησόμενοι
1431 1621 1566 1674 προτὶ
1596 1618 1717 1662 ἄστυ
1746 1619 1927 1678 legisse,
1954 1620 2159 1664 traditum
2188 1630 2264 1665 est.
2312 1609 2411 1680 Qua

216 1697 264 1739 in
298 1711 347 1737 re
379 1692 539 1737 Wolfii
580 1691 693 1734 mira
733 1700 796 1732 est
836 1686 1136 1731 inconstantia.
1195 1686 1265 1731 Ne
1293 1687 1438 1731 omnia
1468 1703 1731 1745 persequar,
1786 1704 1835 1732 ea
1865 1690 2087 1747 exempla,
2141 1705 2249 1746 quae
2279 1690 2412 1734 Iliade

215 1762 516 1813 continentur,
572 1758 679 1804 satis
707 1768 768 1801 est
803 1773 1069 1801 enumerare.
1130 1754 1236 1800 Post
1266 1755 1440 1810 longam
1469 1756 1662 1803 vocaIem
1695 1759 1829 1812 προτὶ
1861 1756 2053 1803 Wolfins
2081 1758 2306 1818 praetulit.
2357 1758 2408 1805 II.

212 1832 296 1878 VI.
330 1833 429 1875 113.
471 1827 573 1873 Vll.
606 1828 676 1873 82.
707 1828 779 1870 83.
811 1825 911 1869 413.
958 1824 1066 1869 XII.
1099 1826 1196 1868 273.
1242 1823 1395 1867 XVII.
1423 1825 1522 1868 2⁰⁰.
1552 1824 1651 1869 442.
1697 1824 1809 1870 ΧΧ.
1836 1824 1955 1879 418,
2001 1827 2075 1870 sed
2109 1829 2169 1869 X,
2204 1828 2286 1870 108
2315 1826 2410 1884 ε’γώ

212 1904 318 1947 ποτὶ
355 1897 503 1943 edidit.
560 1894 667 1940 Post
693 1894 1019 1953 diphthongum
1052 1895 1187 1947 προτὶ
1218 1892 1383 1936 decies:
1428 1892 1510 1939 III.
1542 1895 1642 1938 313.
1682 1892 1806 1938 VIII.
1838 1894 1940 1939 295.
1971 1894 2034 1937 X.
2060 1895 2160 1939 336.
2190 1894 2276 1939 XI.
2305 1897 2406 1942 683.

208 1970 318 2017 XV.
352 1968 455 2012 455.
497 1963 652 2011 XVII.
684 1964 780 2008 191.
822 1962 959 2006 XXI.
988 1964 1087 2009 607.
1127 1960 1309 2005 XXIV.
1341 1963 1438 2007 151.
1471 1963 1569 2006 180.
1597 1964 1712 2016 330,
1751 1965 1855 2005 ποτὶ
1884 1961 2138 2019 quinquies.
2176 1963 2279 2007 VII.
2307 1968 2405 2009 337.

210 2040 313 2086 m.
342 2036 430 2083 l'X.
460 2035 564 2080 629.
595 2030 726 2078 XIV.
760 2030 862 2077 394.
902 2029 1075 2075 XVIII.
1111 2029 1210 2075 174.
1270 2027 1411 2074 Porro
1450 2039 1546 2089 post
1570 2029 1739 2075 literam
1770 2041 2075 2090 consonantem
2104 2036 2239 2089 προτι
2271 2033 2336 2078 bis
2367 2044 2409 2078 et

210 2109 375 2156 vicies.
408 2103 513 2149 VII.
546 2104 644 2148 310.
668 2101 769 2145 429.
801 2099 927 2145 VIII.
950 2099 1051 2145 499.
1081 2099 1145 2143 Χ.
1176 2098 1276 2143 348.
1317 2098 1446 2146 XII
1465 2099 1529 2144 74.
1565 2101 1663 2143 115.
1691 2100 1792 2144 276.
1839 2098 1972 2145 XIII.
2000 2101 2099 2144 657.
2131 2102 2232 2148 724.
2275 2102 2403 2150 XIV.

207 2178 276 2224 46.
309 2176 408 2221 146.
449 2170 579 2218 XVI.
612 2170 684 2216 45.
711 2170 785 2215 92.
814 2170 912 2215 376.
942 2167 1097 2215 XVII.
1131 2170 1226 2213 131.
1260 2168 1358 2214 193.
1385 2168 1487 2212 396.
1516 2167 1692 2212 XVIII
1724 2169 1827 2213 266.
1869 2168 1981 2214 ΧΧ.
2011 2169 2112 2215 420.
2139 2169 2296 2217 XXII.
2331 2174 2403 2219 21.

208 2247 308 2292 356.
339 2241 521 2288 XXIII.
553 2240 639 2292 64,
696 2244 800 2283 ποτὶ
828 2254 934 2282 vero
961 2238 1095 2281 semel
1124 2247 1166 2281 et
1194 2236 1354 2281 vicies:
1398 2236 1430 2280 I.
1461 2236 1560 2287 245.
1591 2235 2405 2290 426.11.137.1V.112.V.408.

209 2313 310 2360 VII.
343 2313 438 2356 415.
485 2310 569 2354 ΙΧ.
600 2310 699 2352 381.
742 2307 802 2352 X.
842 2308 939 2350 123.
970 2306 1069 2350 347.
1106 2305 1197 2349 XII
1243 2305 1315 2350 64.
1346 2306 1451 2350 XV.
1485 2307 1589 2351 295.
1619 2306 1752 2351 XVI.
1784 2308 1849 2351 10.
1881 2306 2017 2352 XIX.
2046 2309 2144 2353 234.
2176 2310 2271 2355 336.
2306 2311 2403 2355 395.

210 2382 345 2429 XXI.
373 2381 460 2426 438
502 2380 602 2423 505.
632 2380 735 2422 561.
781 2374 940 2421 XXII.
970 2376 1071 2418 329.
1119 2373 1296 2419 XXIII
1328 2375 1430 2421 869.
1471 2374 1653 2420 XXIV.
1683 2377 1785 2420 353.

424 2451 520 2495 139.
555 2447 769 2505 ‚Vulgata
814 2456 913 2490 ante
951 2443 1169 2489 Wolfium
1207 2442 1301 2501 ἐγώ
1339 2444 1435 2489 fuit.
1495 2444 1605 2498 Eam
1633 2461 1783 2490 omnes
1813 2453 1938 2502 testes
1967 2446 2224 2492 confirmare
2251 2447 2404 2493 videa-

208 2536 295 2569 tur.
356 2519 463 2564 Vidi
493 2528 605 2562 certe
634 2519 729 2574 ἐγώ
758 2517 804 2560 in
835 2515 968 2569 νειμ,
993 2530 1062 2572 ap.
1094 2512 1241 2558 Schol.
1269 2514 1343 2564 Α..
1377 2530 1448 2573 ap.
1477 2513 1669 2558 Eustath.
1703 2530 1745 2572 p.
1781 2515 1880 2565 188,
1911 2514 1970 2567 8.,
1999 2513 2055 2572 ιἰι,
2079 2515 2176 2573 edd.
2203 2516 2333 2561 Aldd.
2361 2519 2398 2562 1.

207 2596 249 2638 2.
282 2592 485 2647 Arge-tt.
518 2589 557 2630 l.-
586 2588 630 2632 2.
664 2589 705 2630 3.
735 2585 779 2631 4.
809 2582 956 2643 Steph.
989 2581 1140 2626 Basili.
1174 2585 1212 2625 l.
1245 2583 1285 2626 2.
1346 2581 1490 2639 Quam
1532 2583 1588 2627 ob
1631 2598 1726 2627 rem
1769 2580 1972 2643 Heynius
2012 2592 2054 2628 et
2086 2582 2279 2630 wolfius
2312 2602 2399 2631 uon

206 2678 266 2707 ex
305 2657 431 2704 libris
474 2656 597 2712 ἐγών
642 2653 925 2712 desumpsisse
964 2652 1194 2707 videntur,
1251 2652 1325 2696 sed
1355 2668 1414 2695 ex
1440 2651 1498 2695 iis
1525 2650 1632 2696 Iocis
1646 2683 1662 2704 ,
1715 2649 1871 2709 quihus
1899 2651 1972 2696 hic
1999 2666 2150 2697 versus
2178 2653 2397 2713 repetitur.

204 2731 301 2777 mis
332 2726 448 2772 enim
479 2724 585 2768 Iocis
612 2724 745 2778 vulgo
773 2722 895 2778 ε’γών
923 2721 1109 2778 legitur:
1156 2720 1211 2764 II.
1249 2720 1334 2765 IX.
1378 2721 1451 2764 26.
1481 2719 1575 2764 704.
1630 2718 1739 2763 XII.
1763 2720 1835 2763 75.
1891 2719 2024 2764 XIV.
2055 2719 2126 2764 74.
2154 2723 2251 2765 370.
2309 2721 2397 2770 od.

202 2797 332 2846 XIII
369 2795 467 2841 179
530 2790 617 2839 Sed
664 2790 711 2834 in
748 2791 830 2836 hoc
859 2801 972 2835 certe
1000 2806 1129 2840 versu
1162 2790 1402 2850 perexigua
1432 2789 1525 2836 eins
1554 2789 1721 2835 formae
1749 2798 1812 2835 εει
1840 2787 2082 2834 auctoritas.
2143 2786 2251 2835 cod.
2280 2789 2395 2837 Ven.

203 2884 372 2930 semper
401 2867 496 2923 ἐγώ
524 2862 729 2925 praebet,
760 2871 930 2920 praeter
955 2858 1060 2905 XII.
1094 2862 1164 2904 75.
1226 2858 1324 2904 Hoc
1352 2860 1475 2914 Ioco,
1488 2860 1620 2919 quod
1650 2858 1776 2916 dixi,
1805 2874 1957 2903 omnes
1985 2857 2033 2903 in
2059 2860 2155 2916 ἐγώ
2183 2860 2398 2907 consenti-

200 2949 279 2984 unt
303 2947 403 2982 ante
439 2933 671 2995 Heynium
707 2941 750 2975 et
779 2929 1008 2978 Wolfium.
1069 2928 1234 2978 11.1X.
1266 2930 1341 2976 26.
1370 2891 1607 2974 Bariiesins
1634 2926 1762 2985 ἆγών
1796 2926 1944 2973 intulit
1969 2942 2029 2973 ex
2057 2927 2396 2988 conjectura,
