2658 3197
985 80 1556 126 -.......9,..-..-

328 248 332 251 -
384 218 456 263 46.
515 216 662 264 Sehoi.
692 219 768 264 bn-
788 228 830 261 et
856 216 1071 277 Interpres
1098 235 1175 275 gra
1197 234 1267 278 ap.
1300 217 1492 264 Bekker.
1523 219 1644 263 κατὰ
1672 218 1886 272 offerunt,
1926 218 2036 275 quod
2069 217 2361 277 recipiendum

179 297 271 344 est,
301 304 398 333 cum
428 286 647 333 Homerus
673 285 831 345 ubique
860 288 981 347 κατα
1008 289 1239 345 κρατερὰς
1267 287 1479 344 ὑσμίνας,
1507 304 1597 333 non
1621 288 1699 332 διὰ
1722 303 1793 343 up.
1824 287 1932 343 ὑσμ.
1963 287 2091 341 dicat,
2122 304 2198 331 nec
2227 302 2359 332 causa

178 357 234 402 sit
262 357 349 402 ulla
364 389 378 413 ‚
408 372 487 402 cnr
514 358 598 401 hoc
625 370 713 399 uno
740 356 834 400 loco
863 357 1104 402 variaverit*
1126 373 1382 403 sermonem.
1427 356 1603 417 Irnepsit
1635 371 1741 401 vero
1769 357 1943 412 vulgata
1972 371 2032 399 ex
2062 355 2167 400 Hes.
2186 356 2356 414 Theog-

177 427 275 472 631.
305 419 404 472 712.
444 426 553 472 Item
582 424 636 469 ll.
658 427 780 471 XIII.
809 427 896 471 583
925 426 1018 470 cod.
1046 426 1154 470 Ven.
1195 419 1420 487 perperam
1449 428 1553 470 διὰ
1587 425 1824 483 κρατερήν
1851 424 2071 480 ὑσμίνην.

214 513 220 520 ’
339 523 342 526 «
377 498 451 542 48.
510 495 697 552 Vtssgata
750 507 813 540 est
862 497 1197 551 αρσςεβήσατο.
1269 496 1363 541 ’δρᾶ
1400 498 1524 540 codd.
1574 495 1686 540 Ven.
1726 495 1850 554 Lips.
1897 512 1924 539 a
1967 511 2032 553 pr.
2074 508 2134 537 m.
2179 493 2356 538 Townl.

177 564 311 610 Mose.
344 569 390 610 ·l.
419 567 461 608 2.
490 564 660 621 duoque
689 563 836 611 Oxou.
867 568 1179 622 προςεβήσετο
1208 567 1425 621 offerunt,
1464 564 1575 622 quod
1603 564 1692 624 jam
1721 561 1975 623 Spitznerm
2003 563 2177 622 recepit.
2227 561 2358 608 Gonf.

174 648 276 681 ann.
308 642 344 680 Ι.
374 634 480 678 428.
525 637 583 678 ΙΙ.
612 635 682 678 35.
2314 643 2316 645 ·

377 705 448 748 53.
508 702 686 748 Codices
712 720 888 760 omnes,
933 701 1263 749 Schon.›ABL.
1290 703 1336 746 in
1365 703 1511 747 lemm.
1540 702 1730 746 Eustath.
1763 718 1806 761 Ρ.
1840 705 1938 759 172,
1966 705 2034 748 10.
2064 702 2283 748 Plutarch.
2316 703 2357 745 εἰ

175 776 336 829 πρεσβ.
378 777 520 818 πολιτ.
556 791 600 833 Ρ.
638 774 735 817 789.
780 773 833 820 E.
871 771 994 818 Stob.
1033 776 1138 831 περὶ
1166 777 1339 831 βασιλ.,
1370 784 1496 832 atque
1523 788 1673 818 omnes
1698 781 1797 816 ante
1826 771 2040 815 VVolfium
2070 771 2277 816 editiones
2306 770 2353 814 in

174 842 363 898 βουλήν
391 842 674 888 consentiunt.
732 842 860 888 Hanc
888 843 1100 889 Zenodoti
1129 843 1356 888 lectionem
1383 843 1517 889 fuisse
1544 852 1754 889 testamur
1783 839 1943 887 Sehou.
1974 841 2153 887 ABLV.
2185 842 2352 896 Altera,

173 914 353 967 βουλή,
401 912 645 958 Aristarchi
683 913 809 957 lectio
848 914 944 958 fnit.
1016 912 1180 959 confer
1208 911 1373 958 Sohou.
1401 913 1548 958 ALV.
1579 912 1777 959 Euanth.
1803 928 1845 970 p.
1879 913 1977 966 172,
2010 913 2080 957 13.
2140 909 2353 970 corrupta

173 980 289 1024 enim
317 981 670 1040 videntur2quae
698 983 811 1042 apud
833 983 1016 1028 eundem
1046 981 1271 1028 sabak-A
1299 992 1340 1027 et
1374 998 1441 1042 ap.
1473 981 1619 1028 Schol.
1648 981 1688 1026 B
1714 982 1942 1040 leguntur:
1972 981 2158 1037 βουλήν
2186 984 2235 1023 αὶ
2261 981 2351 1035 μὲν

174 1052 359 1097 πλείους
382 1055 465 1096 καὶ
493 1054 792 1108 χαριέστεραι
822 1053 932 1105 δι’χά
959 1057 1046 1096 τοῦ
1074 1069 1103 1095 ν
1132 1054 1430 1110 γράφουσιν,
1469 1053 1872 1108 Ἀρίσταρχος
1900 1052 1950 1093 δὲ
1982 1055 2061 1093 καὶ
2079 1053 2352 1104 -Ζηνόδοτος

175 1121 255 1165 διὰ
278 1128 365 1167 τοῦ
392 1140 435 1168 ν.
463 1120 582 1180 Lege
607 1124 965 1181 Ἀριστοφάνης
1010 1120 1064 1166 In
1091 1121 1241 1166 verbis
1264 1136 1372 1166 vero
1404 1119 1552 1167 Schel.
1581 1123 1626 1166 A
1653 1124 1705 1165 αὶ
1730 1123 1914 1164 πλείους
1940 1123 2021 1163 καὶ
2050 1122 2352 1176 χαριέσταται

172 1194 282 1245 δίχα
309 1182 401 1235 τοῦ
421 1208 452 1234 ν
480 1194 635 1249 βουλή
651 1225 661 1244 ,
705 1194 786 1234 καὶ
814 1191 843 1247 ἦ
868 1182 1001 1247 Ἀρι
1017 1201 1174 1248 στοφ
1190 1194 1403 1245 άινους,
1457 1191 1698 1237 Aristarchi
1733 1205 1892 1235 nomen
1918 1190 2259 1236 substituendum
2285 1190 2353 1234 vi-

171 1261 308 1304 detur.
367 1259 482 1304 Nam
513 1275 577 1303 ne⁴
594 1275 825 1318 persequar
849 1260 1016 1313 omnia,
1054 1259 1169 1304 idem
1197 1260 1341 1306 Schol.
1370 1262 1415 1304 A
1443 1261 1694 1321 subjungitx
1738 1260 2010 1316 ἀστειοτέρα
2038 1260 2069 1315 ἦ
2096 1265 2241 1315 χωρὶς
2268 1266 2354 1304 τοῦ

172 1347 222 1383 ν,
253 1334 333 1373 καὶ
356 1330 716 1384 Ἀριστάρχειος.
777 1327 1054 1374 Aristarchus
1083 1329 1200 1374 enim
1230 1331 1413 1388 negavit·
1433 1334 1551 1382 ἵξειν
1579 1330 1707 1374 etiam
1736 1331 1960 1375 transitive
1988 1329 2087 1385 dici,
2115 1345 2189 1374 eos
2218 1330 2350 1386 locos,

169 1399 246 1442 nbi
273 1399 498 1443 transitiva
528 1398 595 1442 vis
615 1399 1041 1456 deprehendebatur,
1069 1410 1345 1444 commutans.
1390 1398 1492 1443 >Sed
1518 1398 1761 1443 Aristarchi
1790 1417 1942 1445 manus
1970 1400 2125 1456 effugit
2151 1415 2262 1443 unus
2282 1400 2349 1443 lo·

170 1484 266 1513 cust
296 1468 351 1513 11.
383 1473 542 1512 XXIV.
573 1469 659 1511 553
686 1470 754 1522 μή
785 1469 841 1520 με’
873 1483 948 1510 πω
977 1467 1025 1512 ἐς
1051 1471 1231 1524 θρόνον
1260 1472 1328 1519 ἵζε
1358 1468 1575 1527 (wolfius
1604 1469 1716 1512 male
1740 1470 1846 1528 ἷξε).
1909 1467 2132 1513 Succurrit
2167 1468 2349 1526 Apollo-

168 1536 266 1582 nius
297 1538 343 1582 in
372 1537 540 1596 Argon.
584 1543 641 1582 ΙΙ.
672 1537 729 1580 36
761 1538 863 1586 ἷξον
896 1536 1001 1580 ἑοὺς
1030 1539 1140 1591 δίχα
1169 1541 1345 1581 πάντας
1376 1538 1443 1581 ἐνὶ
1474 1541 1769 1592 ψαμάθοισιν
1797 1540 2029 1593 ἑταίρους,
2075 1546 2200 1594 atque
2227 1535 2351 1579 verbi

167 1612 354 1657 καθέξω
395 1607 610 1662 analogia.
670 1604 884 1663 Compara
920 1606 1049 1649 etiam
1078 1608 1220 1651 locum
1251 1606 1546 1652 simillimum
1599 1607 1648 1655 ΙΙ.·
1689 1614 1746 1655 Χ.
1787 1609 1874 1653 299
1909 1624 1996 1665 seq.
2054 1605 2186 1651 Recte
2214 1605 2351 1663 igitur

168 1675 425 1736 posteriores
453 1674 592 1719 critici
623 1675 677 1718 ab
706 1673 960 1719 Aristarcho
988 1675 1245 1723 defecerunt.
1307 1675 1470 1721 Omnia
1499 1676 1615 1721 enim
1636 1677 1901 1732 testimonia,
1937 1690 2046 1735 quae
2076 1675 2126 1719 ad
2158 1684 2346 1718 nostram

168 1756 350 1791 aetatem
375 1750 688 1804 pervenerunt,
722 1742 884 1787 faciunt
908 1759 1010 1788 cum
1035 1742 1276 1802 Ζοοοᾶοῐο,
1308 1755 1476 1804 praeter
1505 1744 1714 1807 Paraphr.
1743 1762 1808 1807 ap.
1841 1745 2035 1791 Bekker.
2065 1753 2109 1788 et
2140 1742 2270 1787 Mose.
2300 1745 2343 1788 1.

169 1816 224 1859 ab
253 1814 328 1857 alt.
357 1827 434 1869 m.,
461 1811 562 1856 licet
590 1811 739 1861 Scholl
781 1813 862 1856 τὰς
893 1816 1078 1857 πλείους
1106 1817 1187 1856 καὶ
1211 1817 1538 1870 χαριεστέρας,
1595 1815 1626 1858 i.
1655 1829 1694 1858 e.
1723 1818 1779 1858 ab
1812 1815 2054 1859 Aristarchi
2084 1813 2348 1856 auditoribus

170 1886 360 1927 confecta
391 1882 682 1940 exemplaria,
734 1883 887 1935 βουλή
927 1883 1128 1925 obtulisse
1163 1884 1346 1928 tradant.
1405 1882 1571 1940 Iniuria
1608 1885 1742 1940 igitur
1770 1886 1963 1928 Wolfius
1991 1885 2142 1940 βουλή
2172 1881 2346 1940 recepit·

170 1956 245 1997 Ad
270 1952 457 2010 βουλήν
484 1952 574 2010 jam
603 1949 861 2010 Freytagius
889 1950 1016 1994 rediit
1045 1951 1164 2011 jussu
1193 1951 1341 1995 Vossii
1371 1951 1415 1995 in
1446 1950 1602 1997 Sched.
1633 1953 1715 1998 crit
1769 1959 1802 1998 J.
1835 1973 1871 2014 p.
1906 1954 2007 1999 236.

372 2021 447 2067 65.
508 2019 654 2078 Vulgo
686 2029 736 2063 σε
765 2020 953 2063 κέλευσε
985 2019 1155 2076 legitur.
1216 2019 1301 2066 Sed
1333 2020 1431 2065 vide
1459 2036 1557 2064 ann.
1593 2028 1651 2067 ΙΙ.
1683 2024 1753 2067 28.

372 2091 443 2134 67.
504 2088 650 2145 Vulgo
692 2092 926 2147 πανσυδίῃ
963 2089 1133 2147 legitur.
1194 2089 1245 2132 ln
1284 2093 1407 2134 codd.
1449 2092 1701 2149 quibusdam
1744 2097 1976 2149 πασσυδίῃ
2006 2108 2111 2145 esse,
2142 2090 2347 2150 Heynius

167 2170 356 2204 testatur.
418 2157 582 2201 confer
610 2174 712 2201 ann.
744 2165 800 2202 ΙΙ.
839 2161 908 2204 12.

375 2229 445 2270 73.
506 2225 652 2281 Vulgo
682 2226 710 2282 ᾗ
742 2231 874 2280 θέμις
906 2228 1002 2272 ἐστὶ
1033 2226 1198 2283 iegitur.
1263 2226 1364 2273 cod.
1398 2244 1502 2273 vero
1533 2227 1657 2282 Ven„
1690 2229 1931 2288 ubicunque
1955 2230 2057 2273 haec
2086 2229 2275 2273 formula
2302 2228 2351 2274 in

168 2295 302 2342 Iliade
332 2305 418 2347 est,
454 2294 483 2350 ἡ
515 2294 713 2349 exhibet,
750 2296 881 2339 semel
911 2296 1013 2356 (IX.
1042 2297 1122 2353 33)
1152 2296 1194 2354 ᾖ.
1255 2298 1460 2357 Apollon.
1491 2298 1535 2340 in
1568 2299 1654 2341 lex.
1679 2314 1722 2357 p.
1754 2301 1852 2342 344.
1884 2311 1923 2339 et
1954 2298 2144 2340 Eustath.
2177 2297 2232 2340 ad
2262 2298 2350 2341 Od.

167 2368 213 2425 Ρ.
240 2366 369 2420 1754,
405 2365 457 2407 16
487 2363 515 2417 ἢ
546 2365 747 2418 tradunt,
796 2365 908 2421 quod
936 2368 1224 2421 revocandum
1259 2383 1349 2410 esse
1378 2384 1473 2409 cum
1504 2367 1579 2409 alii
1608 2368 1694 2409 viri
1724 2369 1833 2409 docti
1866 2377 2205 2425 perspexerunt,
2260 2379 2350 2411 tum

171 2434 451 2493 Spitznerus,
480 2443 670 2476 errantes
695 2443 836 2476 tamen
865 2432 976 2489 quod
1008 2431 1039 2486 ἢ
1069 2448 1304 2490 pronomen
1333 2450 1422 2478 esse
1448 2435 1665 2492 putabant.
1728 2435 1999 2478 Adverbium
2029 2446 2092 2479 est
2124 2434 2154 2490 ἢ
2185 2446 2231 2478 ut
2261 2438 2349 2492 φή,

172 2506 248 2559 δή,
277 2507 362 2558 μή,
391 2505 477 2558 νή,
509 2502 587 2556 πή.
634 2500 773 2545 Docet
802 2502 883 2545 hoc
912 2499 1057 2545 schol.
1089 2502 1145 2545 A.
1175 2512 1266 2545 tum
1296 2503 1348 2545 ad
1379 2502 1421 2545 h.
1441 2502 1471 2548 1.
1501 2513 1591 2546 tum
1614 2504 1665 2546 ad
1699 2508 1774 2548 IX.
1813 2504 1914 2548 134:
1950 2503 1979 2558 ἢ
2009 2506 2142 2557 θέμις
2170 2503 2351 2559 ἀνθρώ-

171 2589 276 2617 πων
315 2575 458 2624 πέλει]
503 2571 554 2615 τὸ
586 2586 614 2624 η
647 2571 918 2614 δασυντέον·
945 2569 1045 2613 ἔστι
1071 2572 1164 2627 γὰρ
1194 2573 1517 2624 ἰσοδυναμοῦν
1547 2578 1614 2628 τῷ
1642 2572 1725 2620 ὡς.
1772 2575 1843 2616 διο
1876 2577 1955 2616 καὶ
1987 2574 2011 2616 ὁ
2041 2576 2087 2616 τέ
2121 2579 2349 2626 προςτίθε-

169 2662 243 2690 ται
277 2646 534 2700 σύνδεσμος
563 2644 795 2686 πολλάκις·
828 2640 889 2685 ὡς
916 2641 1009 2699 γὰρ
1040 2642 1241 2699 λέγομεν
1268 2640 1422 2695 ,,ὡ’στε
1454 2642 1545 2699 γὰρ
1577 2642 1608 2697 ἢ
1639 2645 1797 2687 παῖδες
1827 2647 2028 2700 νεαροὶ“
2060 2641 2136 2700 (ΙΙ.
2167 2649 2224 2687 11.
2251 2642 2349 2701 90),

169 2715 318 2760 οὕτως
357 2711 429 2770 Ἡἥ
464 2728 513 2758 τε
547 2715 719 2761 ξείνων
742 2713 876 2767 θέμις
903 2711 1219 2772 ἐστὶν“·(0(1.
1261 2717 1337 2756 IX.
1366 2713 1508 2769 268).
1567 2712 1707 2757 Porro
1737 2712 1899 2758 Scholl.
1928 2712 2023 2757 BL.
2049 2712 2104 2755 ad
2133 2716 2208 2756 IX.
2242 2711 2348 2758 134:

171 2786 433 2830 δασυντέον
459 2784 796 2832 καὶ-ὀξυντὲον
823 2782 875 2826 τὸ
906 2797 937 2840 η
961 2783 1289 2842 ἰσοδυναμοῦν
1313 2786 1380 2838 τῷ
1409 2783 1480 2825 ὡς.
1541 2780 1705 2826 Confer
1738 2782 1869 2830 etiam
1897 2781 2042 2826 Schoi.
2065 2784 2117 2826 V.
2143 2781 2197 2825 ad
2226 2787 2352 2829 VIII.

171 2855 273 2899 111.
333 2850 473 2899 Docte
496 2867 595 2899 rem
622 2851 853 2898 muso-avit
882 2845 1090 2897 Leia-sius
1109 2850 1369 2913 innaest.
1401 2849 1484 2913 Ep.
1513 2868 1554 2912 p.
1583 2850 1640 2895 44
1667 2867 1779 2909 seq..
2329 2879 2334 2885 ·

1961 2924 1991 2965 2
