2658 3197
1012 159 1622 208 ⁴16...—

224 308 268 341 οι
299 298 443 341 Wolf.
475 298 579 341 οὔτε
613 300 721 342 ποτ’.
781 297 991 355 Equidem
1035 314 1107 342 eos
1148 313 1331 356 sequor,
1378 298 1452 356 qui
1482 299 1587 342 οὔτε
1622 301 1718 345 πότ’
1751 298 1956 345 scribunt.
2015 298 2131 345 Vide
2160 300 2412 374 Buttmanni

223 366 424 411 Gramm.
452 365 491 411 1.
520 372 557 421 §.
582 369 653 411 30.
694 383 738 425 p.
769 366 870 410 124.
2059 377 2109 421 ³3!
2306 368 2405 418 2¹2...-

427 436 529 482 206.
589 433 721 479 Hunc
762 451 940 480 versum
979 434 1101 479 codd.
1140 441 1249 481 Ven.
1291 433 1413 495 Lips.
1447 434 1629 481 Townl.
1659 435 1797 482 Mose.
1828 440 1855 482 -1
1885 437 2049 481 Vindd.
2071 431 2168 481 duo
2197 439 2413 494 omittunt,

221 519 304 547 nec
331 514 671 547 commemorant
702 500 867 549 Scholl.
903 519 982 547 nec
1011 503 1201 548 Eustath.
1227 503 1371 548 Ceteri
1401 504 1597 559 codices,
1650 503 1740 548 Dio
1784 504 2013 569 Chrysost.
2052 504 2176 552 Orat.
2208 505 2331 567 [tp.
2343 506 2415 551 47

221 572 410 631 Inter-pr.
443 591 512 630 ap.
546 573 738 616 Bekker.
766 584 892 629 atque
921 589 1071 616 omnes
1100 574 1308 616 editiones
1337 584 1435 616 ante
1465 574 1683 616 Wolfium
1715 586 1943 618 servarunt
1972 588 2101 629 eum,
2132 575 2333 618 additum¹
2351 586 2415 618 ta·

222 657 323 686 men
353 641 401 684 in
435 641 652 699 plerisque
681 651 743 683 est
767 644 910 686 νόθος
927 675 938 694 ,
969 645 1123 696 στίχος
1153 644 1303 686 νόθος.
1363 639 1499 686 Cuius
1528 642 1815 686 damnationis
1856 659 2029 687 cansam
2057 654 2185 687 >recte
2213 642 2418 687 indicavit

224 719 266 755 et
293 710 531 769 explicavit
562 709 827 754 Vossius-ad
865 713 909 756 h.
950 713 996 756 in
1036 710 1133 755 Cer.
1162 728 1203 770 p.
1235 712 1293 755 56
1322 728 1436 769 seqq.
1468 722 1509 755 et
1538 712 1583 755 in
1614 710 1799 756 Schedd.
1829 712 1942 755 critt.
1973 711 2030 758 H.
2062 730 2105 771 p.
2141 713 2235 755 119.
2293 712 2416 756 Adde

225 794 334 838 quae
374 793 398 821 a
437 778 562 822 nobis
601 779 655 822 ad
694 778 730 823 1.
769 781 856 825 393
897 781 1007 826 dicta
1037 791 1149 825 sunt.
1212 779 1411 843 Rejectus
1439 791 1502 827 est
1527 780 1643 825 enim
1671 778 1740 824 hic
1768 796 1918 825 versus
1946 796 1970 825 a
2001 781 2216 836 veteribus
2245 779 2417 835 criticis,

222 847 322 905 quia
354 851 520 904 σφίσιν
550 864 630 906 pro
661 849 777 904 ὑμῖν
807 850 893 893 dici
927 866 1050 909 posse
1081 851 1309 907 negabam.
1370 853 1432 894 At
1459 850 1618 893 frustra
1648 860 1924 907 negaverunt.
1989 849 2191 903 Accedit,
2224 848 2352 910 quod,
2374 849 2415 894 si

224 932 401 974 yersum
434 916 680 976 expungis,
713 919 902 977 abrupta
921 919 1152 963 admodum
1182 931 1352 978 praeter
1375 918 1559 963 Homeri
1588 935 1714 962 usum
1741 921 1789 962 fit
1815 920 1969 965 oratio.
2028 918 2252 964 Immerito
2285 919 2418 976 igitur

226 983 424 1031 wolfius
447 996 547 1030 eum
577 986 699 1030 uncis
729 986 914 1031 inclusit.
2304 1024 2305 1027 ,
2334 1041 2336 1044 ,

436 1056 625 1112 Vulgata
670 1067 767 1100 ante
807 1056 1027 1100 Wolfium
1065 1056 1175 1099 suit:
1224 1059 1388 1112 σφίσιν
1419 1056 1734 1114 ἐμβασιλεύῃ,
1783 1073 1911 1113 quam
1954 1055 2189 1111 Bai-nesius
2226 1073 2290 1100 exv
2325 1057 2417 1118 cod.

225 1118 355 1168 Cant.
387 1135 430 1168 et
457 1124 593 1168 Dion.
625 1124 851 1186 Chrysost.
879 1125 1004 1169 Orat.
1051 1125 1087 1169 l.
1125 1142 1168 1185 p.
1191 1126 1246 1168 47
1287 1136 1519 1185 receperat.
1580 1125 1629 1171 ln
1660 1125 1756 1171 aliis
1784 1124 1908 1170 libris
1935 1135 1996 1170 est
2027 1127 2163 1183 σφίσι
2192 1128 2419 1184 βασιλεύῃ

225 1207 301 1237 aut
334 1199 499 1249 σφίσιν
525 1198 770 1251 βασιλεύῃ.
831 1195 1024 1238 VVolfius
1068 1197 1119 1237 ad
1164 1199 1297 1249 σφίσι
1327 1198 1556 1252 βασιλεύῃ
1586 1206 1770 1238 metrum
1800 1196 2078 1253 pessumdans
2106 1194 2247 1237 rediit.
2307 1194 2420 1238 Vide

226 1262 560 1320 ἑμβασιλεύειν
591 1262 641 1309 ll.
673 1260 732 1308 11.
763 1264 863 1307 572.
902 1262 987 1307 Od.
1019 1262 1127 1308 XV.
1159 1262 1259 1308 412.

432 1334 534 1380 211.
594 1332 815 1394 Bentlejus
854 1337 1040 1392 μεγάλα
1078 1336 1306 1391 βρέμεται
1348 1332 1621 1377 scribendum
1664 1342 1836 1388 censet,
1879 1331 1981 1391 quia
2033 1334 2226 1391 μεγάλῳ
2275 1330 2420 1390 friget.

229 1400 446 1461 Compara
476 1402 528 1446 n.
559 1402 687 1446 XlV.
722 1403 808 1446 399
844 1405 970 1461 μέγα
1007 1406 1251 1463 βρέμεται.
1313 1401 1365 1447 ΙΙ.
1406 1401 1490 1447 IV.
1531 1401 1618 1447 425
1658 1406 1790 1458 κῦμα
1826 1404 2071 1459 θαλάσσης
2101 1438 2110 1447 .
2136 1437 2146 1447 .
2176 1437 2186 1448 .
2211 1437 2221 1447 .
2262 1405 2419 1461 χέρσῳ

224 1471 538 1529 ῥηγνύμενον
568 1475 752 1529 μεγάλα
781 1475 962 1527 βρέμει.
1996 1466 2002 1471 ”

432 1541 532 1587 213.
595 1543 668 1585 Ab
697 1540 891 1586 Homero
924 1543 1039 1586 hunc
1075 1541 1335 1587 versnmsic
1365 1539 1583 1584 conditum
1621 1556 1713 1584 esse
1749 1540 1972 1600 suspicor:
2024 1540 2074 1586 ὅς
2107 1544 2242 1595 fenea
2280 1548 2423 1600 φρεσὶ

230 1615 359 1667 φῇσιν
402 1609 594 1666 ἄκοσμά
633 1626 682 1655 τε
738 1613 886 1655 πολλά
926 1627 975 1656 τε
1024 1613 1166 1668 ςείδει.
1236 1603 1424 1670 Bentleji
1451 1608 1501 1653 ὃς
1550 1611 1707 1664 fineen,
1767 1608 1938 1670 Heynii
1979 1615 2121 1668 φρεσὶ
2153 1616 2278 1668 ρῇσιν
2312 1616 2422 1658 con-

229 1679 394 1737 jectura
427 1690 502 1723 est.
549 1679 694 1724 Schol.
723 1679 762 1723 B
791 1681 844 1724 ad
872 1680 930 1726 11,
961 1682 1049 1725 212
1079 1681 1180 1738 ᾔδει
1210 1679 1401 1723 exhibet.
2362 1671 2364 1677 ¹

433 1748 531 1794 216.
597 1747 709 1793 Cum
753 1766 903 1794 versus
946 1748 1074 1794 huius
1110 1765 1241 1808 pausa
1270 1746 1382 1791 inter
1410 1746 1600 1806 primum
1629 1756 1670 1790 et
1700 1746 1881 1789 alterum
1907 1746 1962 1789 sit
1991 1748 2168 1805 pedem,
2211 1751 2261 1792 δὲ
2294 1750 2420 1806 ἀνήρ

227 1814 395 1860 hiatum
425 1815 743 1863 intolerabilem
774 1817 920 1863 efficit.
982 1815 1111 1875 Quod
1152 1832 1251 1861 cum
1282 1813 1506 1876 Bentlejus
1540 1813 1943 1869 animadversisset,
1997 1815 2102 1861 duas
2143 1817 2425 1878 conjecturas,

225 1887 264 1928 δ’
295 1885 364 1941 ἄρ’
397 1885 524 1942 ἀνὴρ
554 1898 596 1930 et
625 1888 661 1929 δ’
691 1886 897 1943 ἀνδρῶν,
926 1885 1162 1947 proposuit.
1204 1885 1265 1928 At
1297 1885 1334 1928 δ’
1363 1883 1461 1942 ἄρα
1487 1883 1706 1928 Homerus
1735 1900 1823 1930 non
1845 1884 1949 1929 dicit
1970 1885 2054 1930 nisi
2082 1885 2128 1929 in
2161 1887 2422 1946 narratione,

226 1964 356 2012 'atque
395 1956 433 1998 δ’
474 1956 665 2011 ἀνδρῶν
705 1973 835 2001 versu
872 1958 957 2000 671
984 1955 1194 2014 rejicitur.
1254 1953 1306 1997 Si
1338 1954 1441 2012 quid
1466 1955 1667 2011 equidem
1694 1954 1847 2006 video,
1906 1954 2125 1998 Homerus
2153 1958 2203 1999 δέ
2233 1959 2267 2000 τ’
2297 1958 2423 2014 ἀνήρ

228 2022 361 2070 dixit.
420 2023 536 2071 Nam
582 2028 630 2070 δέ
670 2043 719 2070 τε
760 2041 964 2084 persaepe
1003 2024 1053 2068 in
1079 2022 1366 2082 descriptione
1393 2032 1652 2080 usurpatur:
1704 2020 1753 2065 ll.
1787 2020 1820 2065 1.
1852 2021 1954 2066 403.
1983 2022 2039 2068 Il.
2065 2025 2165 2068 21⁰.
2198 2025 2295 2071 456.
2323 2026 2424 2070 463.

227 2092 332 2138 814.
374 2091 460 2140 111.
490 2093 560 2141 14.
601 2093 682 2140 IV.
713 2096 784 2139 77.
816 2094 914 2140 277.
946 2092 1048 2138 278.
1078 2091 1176 2139 400.
1207 2091 1305 2136 425.
1337 2088 1438 2135 455.
1489 2089 1547 2135 V.
1580 2090 1676 2137 306.
1708 2089 1810 2137 741.
1850 2088 1933 2136 VI.
1965 2092 2062 2137 127.
2101 2089 2188 2143 IX.
2217 2093 2318 2139 519.
2361 2094 2422 2140 X.

226 2163 330 2208 226.
360 2163 459 2208 362.
506 2162 616 2210 XV.
647 2163 746 2207 624.
791 2162 875 2209 Od.
910 2161 970 2212 Π.
1000 2162 1098 2207 181.
1129 2161 1230 2205 277.

435 2236 537 2278 230.
600 2234 806 2292 Heynius
835 2236 887 2276 ἐκ
916 2238 1077 2276 Γιλίου
1107 2233 1341 2288 legendum
1369 2230 1490 2271 vidit.

433 2303 535 2350 232.
597 2301 746 2361 Vulgo
789 2302 842 2359 ἠὲ
887 2301 1103 2348 scribitur.
1163 2299 1249 2347 Sed
1294 2318 1353 2346 ex
1380 2297 1759 2357 grammaticorum
1792 2312 1986 2344 veterum
2014 2314 2238 2361 praecepto
2270 2305 2324 2358 ἦε
2357 2321 2425 2347 re-

231 2373 508 2434 ponendum,
541 2381 634 2417 tum
664 2372 745 2417 hoc
770 2372 865 2417 loco
895 2382 986 2416 tum
1017 2368 1163 2415 multis
1193 2368 1304 2414 aliis.
1362 2366 1460 2416 Jam
1489 2365 1610 2414 11.1.
1639 2368 1748 2424 192,
1779 2367 1854 2415 ubi
1876 2365 2039 2419 Scholl.
2069 2368 2195 2418 ABL
2224 2373 2308 2418 τὸν
2337 2389 2426 2429 μεν

232 2446 462 2499 πρότερον
507 2447 775 2498 σύνδεσμον
808 2443 1190 2500 βαρυτονητὲον,
1240 2442 1325 2482 τὸν
1366 2441 1415 2481 δὲ
1459 2441 1678 2494 δεύτερον
1718 2443 2071 2494 περισπαστέον·
2115 2443 2424 2507 διαπορητική

229 2513 327 2570 ’γάρ
358 2512 452 2556 ἐστι
481 2512 509 2569 ἦ
542 2515 774 2559 σύνταξις
834 2511 968 2557 Plura
1000 2512 1051 2556 de
1075 2511 1165 2554 hoc
1193 2520 1368 2554 accentu
1400 2508 1614 2566 congessit
1646 2506 1898 2552 Lehrsius
1882 2526 1928 2552 in
1954 2508 2129 2565 Quaest.
2168 2527 2263 2568 epp.
2294 2529 2339 2569 p.
2370 2514 2428 2555 50

230 2597 346 2641 seqq.
409 2580 579 2637 Quibus
609 2583 716 2626 adde
746 2580 911 2626 sehon.
940 2580 993 2625 ad
1022 2577 1081 2624 11.
1111 2580 1212 2624 252.
1242 2575 1458 2621 X1V.21
1505 2577 1656 2637 (quem
1687 2576 1830 2621 locum
1861 2592 1941 2622 nec
1965 2576 2168 2639 Heynius
2195 2575 2424 2637 intellexit,

231 2666 313 2694 nec
342 2647 648 2708 Spitznerus),
683 2649 816 2694 XVI.
848 2650 948 2694 436.
991 2648 1156 2693 Confer
1184 2663 1286 2691 ann.
1315 2644 1374 2691 Il.
1402 2646 1507 2692 252.

439 2719 540 2763 233.
599 2716 818 2779 Bentlejus
868 2717 1091 2781 ingeniose
1142 2716 1202 2762 οὔ
1250 2723 1300 2761 σε
1345 2718 1540 2775 ςὲςοικεν
1593 2714 1822 2774 legendum
1861 2715 2052 2775 conjicit.
2120 2714 2234 2761 Vide
2278 2718 2337 2762 οὔ
2376 2727 2425 2763 σε

231 2774 386 2837 ἔοικεν
416 2785 563 2833 ΙΙ.11.
599 2788 695 2832 190.
741 2786 987 2834 od.XV1.
1019 2787 1122 2833 202.

438 2859 539 2906 238.
601 2856 815 2903 Omnium
853 2860 1066 2905 librorum
1103 2856 1334 2903 lectionem
1374 2859 1418 2901 ri
1448 2858 1491 2900 οὶ
1520 2856 1556 2911 χ’
1591 2855 1724 2912 ἡμεῖς
1753 2854 1864 2899 bene
1894 2853 2115 2914 explicant
2144 2853 2327 2916 interpr.
2355 2847 2424 2919 ap.

230 2931 423 2977 Bekker.
457 2929 555 2985 ἆρά
584 2941 629 2972 τι
659 2927 791 2985 αὐτῷ
827 2931 932 2973 καὶ
970 2927 1106 2983 ἡμεῖς
1134 2930 1552 2986 προςβοηὲοῦμεν,
1592 2936 1719 2984 atque
1748 2922 1943 2969 Eustath.
1974 2938 2016 2984 p.
2041 2924 2150 2980 ²211,
2179 2925 2236 2970 34
2267 2925 2300 2982 ἤ
2328 2933 2431 2973 na'z
