2658 3197
253 256 600 305 manger-or.
642 248 728 295 IX.
755 244 844 293 '2¹04
870 245 1034 290 codices
1066 247 1193 304 longe
1219 246 1415 305 plurimi,
1444 247 1489 291 in
1522 247 1589 291 his
1617 246 1728 292 Ven.
1758 256 1800 290 et
1836 244 1969 294 Vind.
2000 247 2187 304 quintus,
2217 248 2426 294 editiones

250 322 411 366 ffles.
431 315 821 365 mezano-ium<
845 315 938 373 ἐγώ
965 324 1163 372 tuentur,
1206 315 1374 363 codices
1418 315 1580 361 Vindd.
1615 324 1785 374 praeter
1823 314 2021 372 quintum
2059 315 2181 372 ἐγών
2222 318 2423 363 offerunt.

250 385 449 434 XILJS
472 386 571 444 ἐγώ,
600 385 892 429 Zenodoti
933 386 1051 430 fuit
1089 386 1298 437 lectio,
1352 386 1476 443 eique
1504 385 1668 431 codices
1698 399 1847 427 omnes
1878 396 2046 442 praeter
2075 385 2306 440 Venetum,
2334 387 2424 431 Eu·

249 452 448 514 anthip-
472 455 578 508 8⁹³,
606 453 681 509 24,
707 454 993 513 editionesque
1022 461 1122 499 ante
1150 453 1407 498 Tumebum
1439 453 1761 513 adstipulantur.
1825 451 1955 498 XIV.
1988 453 2043 498 74
2071 464 2115 499 et
2144 456 2230 498 370
2254 455 2299 498 in
2330 457 2423 514 plu·

247 522 370 570 rimis
409 522 629 580 codicibus
671 533 812 570 utrum
838 525 963 582 ἐγών
997 539 1054 567 an
1094 523 1187 581 ἐγώ
1220 524 1339 579 insit,
1377 534 1553 583 propter
1595 522 1763 584 Heynii
1793 521 2009 567 silentium
2040 539 2193 582 parum
2222 523 2425 572 innotuit.

247 589 477 639 Sed-sVen.
506 590 698 640 Eustath.
725 609 766 652 p.
797 594 899 648 967,
928 592 1000 638 49.
1031 593 1125 636 edd.
1155 594 1286 636 Aldd.
1321 596 1356 635 1.
1384 594 1426 637 2.
1455 593 1654 648 Argentt.
1689 595 1728 634 1.
1758 593 1801 634 2.
1827 594 1867 636 3.
1897 591 1937 634 4.
1966 589 2116 650 Steph.
2138 592 2288 636 Basill.
2318 596 2359 637 Ι.
2377 595 2424 637 2.

249 662 342 719 ἐγώ
366 661 585 720 praebent.
643 660 787 708 Etiam
821 661 907 709 od
949 659 1081 705 XIII.
1125 661 1221 706 179.
1263 660 1359 718 ἐγώ
1385 660 1431 703 in
1461 660 1647 718 antiquis
1673 659 1797 703 libris
1822 675 1911 703 esse
1939 660 2045 704 vidi.
2104 660 2199 706 Nec
2225 661 2426 706 dissenti-

248 740 340 781 m.
352 728 514 777 Scholl.
542 729 679 777 BLV.
670 763 699 787 .‚
724 730 797 789 qui
825 731 878 774 ad
905 730 954 775 ll.
987 728 1065 774 VI
1098 732 1151 776 71
1181 730 1277 776 ἀλλ’
1310 729 1453 787 ἄγεθ’,
1497 729 1560 774 ὡς
1587 729 1649 773 ἄν
1680 729 1799 786 ἐγώ
1822 732 1961 781 εἴπω,
2004 733 2277 786 πειθώμεθα
2307 734 2423 776 πάν-

245 813 317 844 τες
344 800 541 848 afferunt.
601 800 812 854 Accedit,
840 800 950 856 quod
980 798 1103 844 litera
1133 798 1208 844 illa
1238 799 1449 854 Aeolica,
1481 815 1590 856 quae
1615 798 1721 843 olim
1751 799 1885 842 verbo
1917 799 2062 842 εἰπεῖν
2091 802 2282 857 praefixa
2312 810 2422 858 erat,

246 867 412 916 florinae
443 868 535 925 ἐγώ
561 869 835 923 suffragatur.
895 849 1025 924 Quae·
1049 883 1147 911 cum
1167 867 1225 911 ita
1256 868 1357 924 sint,
1383 868 1431 911 iu
1459 868 1541 913 hoc
1569 876 1682 911 certe
1709 882 1839 913 versu
1868 867 1964 924 ἐγώ
1989 867 2293 912 restituendum
2321 885 2421 913 cen-

246 952 333 981 seo.
391 935 542 995 Atque
571 947 671 980 ante
710 936 926 992 digamma
958 952 1133 1000 semper
1161 937 1484 981 restituendum·
1501 937 1695 991 videtur,
1743 936 1871 994 idque
1900 935 2025 981 bonis
2053 936 2176 979 libris
2205 953 2290 980 non
2319 953 2421 982 raro

246 1003 535 1053 suadentibus.
593 1004 740 1049 Altior
767 1004 957 1062 quaestio
986 1015 1077 1060 est,
1108 1021 1212 1048 num
1242 1004 1364 1061 ἐγών
1392 1021 1567 1063 prorsus
1595 1021 1653 1048 ex
1681 1003 1867 1049 Homeri
1894 1003 2159 1049 carminibus
2187 1004 2241 1047 sit
2270 1007 2421 1065 expel-

246 1073 446 1128 lendum,
489 1089 600 1132 quae
635 1071 804 1132 Heynii
840 1082 904 1117 est
932 1073 1093 1132 opinio.
1151 1073 1297 1131 Atque
1320 1073 1426 1118 adeo
1454 1072 1733 1118 Aristarchus
1765 1073 1825 1117 ita
1852 1074 2035 1118 sensisse
2063 1073 2247 1118 videtur.
2304 1073 2419 1120 Nam

246 1140 383 1189 sill.
407 1141 501 1188 IX&
527 1143 658 1199 167,
688 1141 765 1184 uhi
789 1141 963 1198 vulgata
989 1152 1050 1185 est
1066 1158 1079 1185 ε
1128 1141 1251 1199 ἐγών
1280 1143 1537 1196 ἐπιόψομαι
1571 1140 1714 1186 Schol.
1745 1141 1791 1185 A
1818 1151 2017 1186 annotat:
2041 1141 2154 1198 ἐγώ]
2181 1144 2421 1200 Ἀρίσταρ-

246 1222 327 1264 χος
352 1210 494 1267 ἐγώ,
550 1210 684 1255 ἄλλοι
724 1210 773 1255 δὲ
818 1209 987 1267 ἐγών.
1048 1209 1147 1266 Quo
1186 1212 1280 1255 loco
1309 1226 1408 1255 cum
1438 1210 1691 1255 Aristarcho
1715 1211 1880 1254 faciunt
1908 1225 1996 1254 non
2024 1211 2152 1254 modo
2182 1209 2325 1258 Schol.
2360 1212 2420 1269 A,

245 1280 321 1326 sed
342 1279 479 1327 <etiam
497 1280 628 1324 eeodd.
658 1279 770 1325 Ven.
803 1279 939 1324 Vind.
965 1294 1041 1323 un.
1069 1278 1212 1324 Schol.
1245 1279 1296 1322 L.
1329 1295 1400 1339 ap.
1428 1278 1698 1323 Bachmann.
1727 1278 1873 1339 Etym.
1901 1277 1961 1323 M.
1992 1295 2036 1338 p.
2068 1281 2170 1335 362,
2197 1281 2268 1324 36.

449 1348 548 1394 144.
607 1346 718 1394 cum
744 1348 928 1407 aliorum
954 1356 1048 1391 tum
1076 1348 1288 1392 Zenodoti
1317 1348 1442 1393 lectio
1472 1349 1542 1406 φῆ
1572 1353 1674 1408 (pro
1704 1347 1786 1401 ὡς)
1816 1348 1922 1404 fuit,
1952 1363 2060 1407 quae
2093 1347 2143 1391 ll.
2174 1349 2302 1393 XIV.
2333 1350 2422 1397 499

244 1417 367 1462 redit.
427 1417 572 1474 Quam
599 1418 852 1476 particulam
880 1416 1036 1462 Joann.
1064 1418 1198 1461 Alex.
1225 1434 1253 1476 p
1297 1420 1378 1472 31,
1420 1419 1475 1461 12
1503 1419 1612 1461 bene
1642 1417 1855 1475 explicatz
1908 1419 1979 1474 φῆ
2022 1417 2127 1461 ἀντὶ
2155 1424 2240 1461 τοῦ
2268 1423 2416 1464 καθά.

246 1495 367 1542 περ.’
403 1485 622 1543 cognatae
656 1498 761 1532 sunt
796 1485 1029 1545 particulae
1072 1485 1101 1541 ἢ
1141 1497 1183 1531 et:
1223 1488 1301 1539 πή.
1364 1484 1528 1530 Confer
1559 1502 1659 1530 ann.
1688 1485 1747 1531 Il.
1778 1488 1849 1533 73.
1909 1486 2154 1545 Adjuvatur
2186 1488 2257 1544 φὴ
2289 1488 2420 1533 etiam

245 1556 496 1604 Antimachi
535 1566 576 1601 et
618 1554 871 1600 Callimachi
915 1554 1181 1600 testimoniis.
1257 1554 1420 1601 Confer
1449 1552 1595 1599 Schol.
1638 1556 1698 1601 A.
1740 1555 1794 1599 ad
1824 1555 1865 1599 h.
1895 1555 1923 1599 l.
1956 1553 2115 1600 Scholl.
2148 1554 2331 1602 ABLV.
2364 1558 2419 1604 od

245 1625 375 1670 le.
402 1626 504 1672 499.
534 1627 633 1669 500.
680 1624 885 1667 >Eustath.
915 1641 958 1682 p.
987 1625 1101 1679 999,
1132 1624 1193 1667 24
1218 1640 1335 1682 seqq.
1395 1623 1480 1668 Sed
1510 1624 1787 1667 Aristarchus
1805 1655 1820 1679 ,
1860 1625 2196 1667 archaismorum
2222 1626 2421 1671 adversa·

244 1694 360 1747 rius,
403 1694 474 1751 φή
517 1693 733 1750 expellere
768 1709 866 1738 cum
895 1693 1109 1748 studeret,
1164 1694 1246 1737 hoc
1287 1694 1380 1737 loeo
1416 1692 1476 1738 ὡς
1504 1703 1578 1737 eut
1606 1710 1663 1736 ex
1693 1693 1934 1751 conjectura
1964 1703 2036 1735 aut
2059 1709 2117 1736 ex
2145 1693 2271 1738 libris
2300 1694 2420 1740 dete-

244 1762 430 1805 rioribus
463 1760 632 1818 recepit.
693 1760 741 1804 Id
783 1761 907 1818 quod'
936 1760 982 1803 in
1021 1761 1155 1807 libros
1197 1772 1364 1805 nostros
1403 1761 1589 1807 transiit.
1647 1760 1811 1804 Verum
1853 1777 1951 1803 cnm
1990 1760 2214 1804 Zenodoto
2250 1762 2417 1809 faciunt

244 1829 472 1873 Bekkerus
501 1829 545 1872 in
576 1827 698 1872 Gens.
731 1830 796 1873 ed.
823 1828 963 1875 Wolf.
991 1845 1033 1887 p.
1067 1828 1158 1872 143.
1194 1828 1478 1872 Buttmannus
1508 1828 1553 1871 in
1584 1827 1730 1872 Lexil.
1761 1827 1795 1872 Ι.
1827 1845 1867 1887 p.
1895 1829 1980 1872 236
2009 1844 2097 1886 seq.
2129 1828 2413 1878 Thierschius

243 1899 289 1942 in
320 1898 514 1947 Gratum.
546 1902 589 1952 §-
622 1899 721 1953 158,
752 1898 820 1941 14.
872 1897 999 1941 Voss.
1028 1897 1076 1940 in
1107 1896 1261 1940 Sched.
1289 1898 1388 1940 critt
1444 1897 1481 1942 I.
1513 1913 1553 1954 p.
1582 1898 1668 1941 247
1694 1913 1810 1955 seqq.
1869 1896 2049 1940 Bothius
2090 1898 2142 1940 ad
2176 1899 2217 1941 h.
2247 1900 2278 1943 l.
2307 1899 2417 1944 Ari-

242 1967 411 2016 starcho
440 1978 482 2012 et
509 1966 679 2013 Wolfio
709 1975 948 2027 propugnat
985 1963 1237 2025 Spitznerus
1276 1964 1477 2011 Excursu
1511 1964 1709 2022 XXVI„
1738 1966 1813 2025 qui
1843 1966 1902 2011 ὠς
1930 1969 2120 2023 κύματα
2147 1968 2202 2012 ab
2231 1966 2416 2015 Homeri

244 2052 323 2081 usu
365 2050 452 2087 non
491 2051 583 2080 esse
608 2037 798 2080 alienum
830 2046 942 2079 recte
973 2046 1120 2082 contra
1149 2034 1459 2079 Buttmannum
1487 2036 1822 2090 demonstravit,
1877 2036 1922 2079 in
1961 2037 2112 2080 ceteris
2145 2039 2417 2096 propositum

244 2122 331 2149 non
360 2115 585 2151 assecutus.
645 2102 732 2157 Sed
759 2106 812 2150 de
841 2104 922 2152 hac
950 2120 997 2148 re
1026 2104 1079 2147 ad
1108 2102 1237 2147 XIV.
1266 2101 1353 2147 499
1380 2104 1591 2163 copiosius
1620 2114 1682 2147 est
1709 2104 2020 2162 disputandum

446 2172 550 2221 Post
578 2174 819 2228 θαλάσσης
850 2188 1017 2217 comma
1045 2181 1228 2230 ponatur
1256 2182 1446 2232 oportet,
1501 2172 1601 2230 quia
1643 2174 1819 2217 πόντου
1844 2173 2065 2229 Ἰκαρίοιο
2095 2174 2308 2233 appositio
2336 2186 2417 2224 est.

243 2242 306 2288 Ea
334 2242 456 2292 enim„
475 2257 603 2301 pars,
654 2256 761 2301 quae
790 2250 1003 2301 praestat,
1059 2240 1137 2284 toti
1176 2241 1240 2284 rei
1281 2242 1450 2285 additur
1489 2241 1736 2300 explicandi
1780 2241 1930 2299 gratia.
1989 2242 2103 2286 Vide
2151 2241 2199 2286 Il.
2225 2241 2286 2289 II.
2327 2246 2416 2292 305

243 2312 360 2370 ἀκτῇ
398 2313 469 2369 ἐφ’
501 2311 676 2368 ὑψηλῇ,
724 2314 953 2367 προβλῆτι
991 2310 1217 2365 σκοπέλῳ.
1287 2308 1451 2354 Confer
1479 2308 1530 2355 Il.
1560 2308 1621 2353 II.
1649 2310 1739 2357 480
1761 2326 1847 2368 seq.
1880 2310 2005 2356 XIV
2038 2314 2133 2355 227
2166 2312 2268 2358 m.
2331 2314 2418 2359 Od.

242 2382 326 2428 IV.
344 2429 346 2431 ,
364 2382 466 2427 236.
522 2379 733 2428 Icarium¹
760 2389 904 2425 autem
946 2395 1065 2424 mare
1112 2395 1217 2439 prae
1253 2379 1406 2425 ceteris
1442 2378 1723 2438 procellosum
1768 2395 1858 2425 esse
1896 2380 1967 2425 vel
2001 2381 2148 2440 pueris
2174 2398 2233 2426 ex
2262 2380 2414 2432 Horat,

244 2451 330 2496 od.
360 2449 398 2498 I.
428 2453 470 2506 l,
496 2451 551 2495 15
579 2459 740 2495 notum.

441 2518 544 2565 148.
602 2517 886 2563 Thierschius
914 2517 959 2561 in
991 2515 1182 2563 Gramm.
1214 2520 1252 2571 §.
1282 2516 1396 2572 822,
1430 2517 1473 2560 3.
1514 2515 1645 2573 ήμύῃ
1675 2516 1949 2561 scribendum
1976 2518 2169 2578 conjicit.
2226 2519 2288 2563 At
2315 2521 2418 2567 sub-

381 2597 549 2635 mutato
563 2619 577 2645 ,
631 2603 732 2635 nam
760 2587 814 2631 ad
857 2586 996 2641 η’μύει
1030 2587 1168 2641 λήιον
1202 2584 1482 2633 subaudiatur
1513 2599 1684 2628 necesse
1724 2595 1786 2629 est
1801 2617 1817 2643 ,
1865 2594 2055 2631 mutatur
2088 2587 2217 2632 etiam
2250 2590 2416 2637 modus.

242 2653 360 2703 Vide
387 2655 668 2702 11.X1.155
698 2656 757 2700 ὡς
786 2656 821 2698 δ’
850 2654 926 2700 ὅτε
955 2660 1048 2711 πῦρ
1079 2654 1278 2709 ’ἀΐδηλον
1305 2654 1358 2697 ἐν
1384 2651 1549 2710 ἀξύλῳ
1574 2654 1756 2711 ἐμπέσῃ
1785 2653 1893 2712 ὕλῃ,
1924 2658 2077 2714 πάντῃ
2108 2658 2142 2701 τ’
2173 2658 2416 2714 εἰλυφόων

242 2726 414 2784 ἄνεμος
446 2728 595 2786 φέρει.
640 2724 884 2775 XV1.297
913 2724 974 2772 ὡς
1002 2726 1040 2769 δ’
1073 2723 1134 2770 ὅτ’
1163 2722 1245 2782 ἀφ
1273 2722 1459 2780 ὑψηλῆς
1486 2729 1706 2782 κορυφῆς
1728 2723 1861 2781 ὄρεος
1888 2728 2112 2785 μεγάλοιο
2137 2727 2308 2783 κινήσῃ
2330 2741 2418 2771 πυ·

241 2798 394 2854 κινὴν
421 2799 631 2855 νεφέλην
660 2797 1027 2854 στεροπηγερέτα
1055 2796 1191 2849 Ζεύς,
1221 2792 1274 2838 ἔκ
1300 2794 1333 2838 τ’
1365 2791 1546 2853 ἔφανεν
1576 2799 1724 2840 πᾶσαι
1753 2799 1956 2883 σκοπιαὶ.
2013 2793 2177 2840 Confer
2202 2795 2335 2842 etiam
2360 2794 2417 2844 11.

243 2862 539 2924 H-fflflseq.
